3309 5192
1567 519 1985 594 ...18-

690 737 820 802 aut
871 728 1006 801 ubi
1041 729 1223 800 deus
1259 729 1526 802 unicus
1563 729 1937 802 solitarius
1975 730 2389 819 destitutus,
2449 755 2677 825 quem
2712 756 2867 805 non

689 873 872 947 gens
923 847 1184 939 libera,
1241 873 1398 922 non
1448 874 1586 944 per
1620 873 1853 946 regna
1894 859 2149 923 nostra
2190 849 2459 946 populi
2510 877 2709 924 uana
2744 877 2867 925 su-

618 986 654 1040 4
687 970 1126 1065 perstitione
1190 973 1614 1043 nonerunt?
1701 971 2155 1045 Iudaeorum
2228 972 2387 1044 sola
2448 980 2526 1045 et
2595 973 2868 1046 misera

690 1089 1066 1186 gentilitas
1117 1115 1355 1164 unum
1411 1097 1488 1163 et
1520 1091 1669 1185 ipsi
1706 1085 1951 1181 deum,
2010 1093 2141 1164 sed
2183 1092 2455 1187 palam,
2514 1095 2643 1166 sed
2683 1102 2865 1166 tem-

688 1211 856 1306 plis,
914 1211 1082 1301 ariS,
1139 1211 1466 1283 uictimis
1505 1211 2128 1305 caerimoniisque
2170 1211 2593 1300 ooluerunt;
2654 1215 2865 1287 cuius
2892 1246 2919 1286 ⁵

689 1333 876 1404 adeo
942 1329 1154 1403 nulla
1215 1332 1332 1403 uis
1394 1354 1536 1402 nec
1598 1339 1927 1424 potestas
1993 1340 2123 1420 est,
2201 1340 2286 1403 ut
2351 1332 2446 1404 sit
2507 1333 2865 1406 Romanis

618 1469 653 1522 5
688 1451 956 1525 nostris
1012 1451 1376 1523 militibus
1413 1474 1585 1521 cum
1638 1474 1773 1522 sua
1808 1451 1951 1521 sibi
1985 1451 2291 1524 natione
2331 1452 2697 1543 captiuus.
2788 1460 2867 1523 at

685 1572 838 1645 iam
875 1570 1280 1642 Christiani
1315 1578 1594 1662 quanta
1648 1578 1997 1659 monstra,
2058 1593 2250 1663 quae
2305 1578 2653 1664 portenta
2690 1594 2864 1641 con-

687 1693 1007 1787 fingunt!
1103 1690 1326 1761 deum
1387 1688 1608 1761 illum
1673 1714 1911 1779 suum,
1988 1714 2212 1783 quem
2276 1714 2417 1762 nec
2474 1691 2863 1762 ostendere

687 1818 1002 1906 possunt
1053 1834 1194 1882 nec
1247 1810 1529 1900 uidere,
1586 1811 1668 1883 in
1723 1811 2059 1883 omnium
2110 1835 2376 1902 mores,
2442 1817 2650 1882 actus
2705 1833 2863 1881 om-
2893 1839 2943 1882 ιο

689 1933 1050 2024 niumque
1127 1932 1363 2002 uerba
1433 1931 1761 2024 denique
1826 1940 1900 2003 et
1974 1932 2304 2005 occultas
2376 1931 2863 2027 cogitationes

690 2052 1092 2149 diligenter
1159 2051 1572 2143 inquirere:
1657 2052 2199 2125 discurrentem
2277 2052 2564 2125 scilicet
2638 2060 2863 2143 atque

687 2173 970 2267 ubique
1022 2180 1493 2266 praesentem
1543 2172 1943 2245 molestum
1993 2173 2216 2245 illum
2266 2174 2556 2262 uolunt,
2613 2173 2865 2265 inqui-

691 2302 915 2383 etum,
955 2293 1495 2388 inpendentem
1533 2293 1757 2365 etiam
1792 2294 2176 2384 curiosius,
2218 2294 2590 2386 siquidem
2624 2295 2868 2365 adstat

689 2413 906 2487 factis
961 2414 1329 2504 omnibuS,
1386 2413 1573 2485 locis
1631 2415 1976 2486 omnibus
2024 2416 2441 2504 intererrat,
2500 2439 2673 2486 cum
2725 2439 2865 2486 nec
2893 2444 2946 2486 ιε

691 2534 1002 2630 singulis
1037 2534 1401 2607 inseruire
1438 2535 1675 2627 possit
1726 2558 1873 2628 per*
1914 2535 2269 2607 uniuersa
2313 2535 2689 2606 districtus
2725 2558 2867 2605 nec

592 2658 672 2726 11
690 2655 1063 2727 uniuersis
1142 2652 1488 2727 sufficere
1566 2655 1649 2726 in
1720 2655 2032 2750 singulis
2106 2662 2532 2749 occupatus.
2636 2654 2866 2747 quid?

696 2777 898 2869 quod
952 2783 1108 2848 toto
1171 2775 1336 2847 orbi
1390 2783 1464 2847 et
1514 2774 1663 2868 ipsi
1725 2776 2004 2847 mundo
2061 2801 2233 2847 cum
2299 2775 2663 2847 sideribus
2716 2776 2866 2847 suis

696 2897 1074 2968 minantur
1124 2895 1582 2984 incendium,
1639 2896 1936 2966 ruinam
1980 2895 2413 2986 moliuntur,
2471 2895 2685 2988 quasi
2738 2903 2868 2966 aut

694 3026 1005 3089 naturae
1076 3016 1352 3088 diuinis
1416 3015 1713 3112 legibus
1777 3009 2216 3089 constitutus
2281 3024 2627 3088 aeternus
2682 3016 2863 3086 ordo
2892 3045 2949 3088 20

696 3139 1038 3210 turbetur
1091 3146 1221 3210 aut
1283 3146 1505 3231 rupto
1562 3135 2104 3210 elementorum
2161 3137 2495 3209 omnium
2561 3133 2866 3208 foedere

696 3268 771 3331 et
824 3258 1129 3331 caelesti
1182 3282 1517 3353 conpage
1574 3282 1723 3351 qua
1760 3257 2185 3330 continetur
2239 3265 2313 3330 et
2355 3256 2698 3352 cingitur,
2757 3256 2867 3328 di-

848 3466 885 3522 2
930 3485 1041 3540 per
1082 3484 1267 3541 regna
1308 3472 1515 3524 nostra
1557 3465 1777 3540 populi
1818 3484 1973 3523 uana
2017 3464 2446 3539 superstitione
2489 3480 2627 3523 nos:
2684 3484 2869 3541 regna

691 3571 815 3610 non
859 3552 1071 3610 saltem
1098 3553 1370 3610 Romana
1401 3551 1753 3625 superstitio
1799 3552 1847 3609 P
1889 3547 1915 3627 ΙΙ
1962 3550 1999 3607 5
2047 3551 2485 3626 cerimonisque
2517 3553 2584 3609 P.
2620 3568 2765 3610 corr.
2801 3567 2869 3608 ex

695 3638 1041 3712 erimonisq.
1097 3632 1122 3716 ΙΙ
1180 3638 1214 3694 ’7
1272 3636 1497 3695 nostris
1551 3637 1851 3695 militibus
1894 3651 2031 3695 ‘nost
2086 3637 2434 3697 nominibus
2478 3640 2527 3696 P
2567 3633 2592 3715 ΙΙ
2632 3644 2692 3696 at
2743 3637 2867 3694 iam

695 3722 1049 3798 Scheffe‘ms:
1100 3730 1160 3781 at
1192 3721 1286 3800 (ad
1319 3724 1375 3780 1.
1403 3719 1506 3799 m.)
1539 3723 1723 3781 etiam
1765 3724 1813 3780 P
1846 3718 1872 3802 ΙΙ
1904 3724 1944 3782 8
1992 3731 2212 3797 quanta
2240 3731 2507 3782 monstra
2534 3722 2863 3782 Dauisius:

695 3813 920 3885 quanta
962 3809 1070 3867 nra
1115 3805 1176 3888 (n
1217 3808 1287 3866 in
1332 3816 1616 3883 quantam
1657 3813 1891 3867 ‘mutata
1932 3809 2004 3868 in
2047 3804 2127 3888 m)
2173 3812 2222 3868 P
2263 3807 2289 3888 ΙΙ
2346 3812 2421 3868 11
2473 3808 2865 3884 omniumque

691 3912 829 3956 nos:
878 3896 1148 3954 omnium
1191 3897 1240 3953 P
1272 3891 1298 3972 ΙΙ
1343 3897 1426 3954 14
1469 3895 1898 3972 inpendentem
1939 3912 2075 3954 nos:
2124 3897 2486 3972 inpudenter
2529 3898 2578 3954 P
2609 3893 2635 3972 ΙΙ
2667 3895 2867 3955 curio-

694 3985 821 4043 sius
849 3998 986 4041 ποεῖ
1035 3981 1340 4041 curiosum
1383 3984 1432 4040 P
1465 3977 1489 4062 Η
1524 3983 1603 4041 16
1651 3982 1959 4041 districtus
1989 3997 2044 4040 r:
2093 3983 2412 4042 destrictus
2455 3985 2504 4041 P
2536 3977 2561 4060 Η
2596 3983 2675 4040 22
2723 4003 2867 4041 con-

691 4091 844 4147 page
891 4089 1009 4143 qua
1053 4069 1394 4128 continetur
1448 4078 1507 4127 et
1566 4069 1831 4144 cingitur
1875 4069 2117 4128 diuulsa
2161 4065 2456 4148 (Grusius)
2512 4070 2704 4127 moles
2749 4069 2866 4129 ista

691 4154 1188 4231 Kronenberyius:
1237 4162 1604 4233 conpagetur
1648 4157 1841 4215 divisa
1871 4157 2061 4215 moles
2103 4155 2239 4232 ista,
2288 4175 2404 4230 qua
2436 4157 2776 4214 continetur
2806 4163 2871 4214 et

693 4243 955 4320 cingitur
998 4244 1047 4300 P
1079 4237 1104 4320 Η
