3309 5192
1351 531 1763 605 —25-

469 740 769 815 silentio
822 741 1050 814 liceat
1090 741 1656 835 responsionem
1699 741 2004 814 Ianuari
2050 744 2286 816 nostri
2330 744 2483 817 iam
2520 768 2611 840 ge

469 861 758 935 stientis
811 862 1116 934 audire?

623 981 724 1054 Et
751 984 1141 1055 Octauius:
1177 983 1445 1054 ‘dicam
1472 982 1844 1074 equidem,
1875 991 1961 1055 ut
1985 991 2273 1075 potero,
2303 1006 2441 1078 pro
2463 983 2753 1056 uiri-16

469 1103 633 1192 bus,
691 1109 769 1174 et
802 1103 1288 1175 adnitendum
1323 1102 1463 1175 tibi
1499 1126 1796 1175 mecum
1834 1111 1966 1194 est,
2012 1111 2100 1177 ut
2134 1103 2647 1177 conuiciorum

417 1251 444 1291 ε»
472 1222 1008 1295 amarissimam
1043 1223 1289 1296 labem
1325 1225 1731 1296 uerborum
1767 1224 2153 1297 ueracium
2185 1224 2496 1297 flumine
2537 1226 2648 1296 di-

472 1342 791 1416 luamus,
845 1367 986 1416 nec
1014 1343 1496 1417 dissimulabo
1523 1343 1898 1438 principio
1923 1345 2031 1416 ita
2047 1343 2337 1417 Natalis
2362 1347 2514 1418 mei
2533 1370 2649 1419 er-

472 1473 762 1538 rantem
785 1488 1059 1561 uagam
1085 1463 1452 1537 lubricam
1473 1473 1772 1538 nutasse
1790 1466 2260 1556 sententiam,
2299 1473 2386 1538 ut
2403 1465 2499 1539 sit
2512 1490 2650 1539 no-

475 1585 585 1658 bis
619 1585 1174 1681 ambigendum,
1213 1593 1467 1657 utrum
1491 1582 1709 1657 uafra
1745 1585 2071 1659 dictione
2108 1587 2404 1659 turbata
2430 1586 2527 1660 sit
2552 1611 2649 1658 an

470 1706 942 1779 uacillauerit
977 1730 1115 1800 per
1151 1729 1499 1778 errorem.
1573 1729 1751 1778 nam
1777 1706 2082 1779 interim
2109 1707 2287 1780 deos
2317 1708 2643 1798 credere,
2683 1723 2717 1776 2

390 1853 440 1895 ιο
465 1827 769 1900 interim
823 1832 903 1898 se
954 1825 1370 1898 deliberare
1414 1827 1760 1917 uariauit,
1818 1836 1903 1899 ut
1953 1827 2487 1921 propositionis
2529 1829 2641 1900 in-

466 1956 670 2020 certo
715 1947 1225 2041 responsionis
1273 1955 1570 2019 nostrae
1605 1947 1926 2020 intentio
1964 1945 2424 2021 fundaretur.
2517 1949 2645 2020 sed

462 2068 547 2140 in
582 2067 842 2140 Natali
876 2090 1045 2139 meo
1081 2067 1489 2140 uersutiam
1525 2075 1947 2140 nostrorum
1984 2092 2140 2140 non
2175 2068 2419 2159 credo,
2470 2092 2646 2162 pro-

468 2187 595 2260 cul
631 2197 743 2260 est
777 2191 872 2260 ab
913 2189 1072 2260 eius
1119 2188 1598 2282 simplicitate
1636 2187 1930 2261 subtilis
1968 2188 2373 2260 urbanitas.
2466 2190 2645 2282 quid
2684 2204 2719 2258 3

468 2309 746 2405 igitur?
834 2316 918 2380 ut
973 2310 1103 2401 qui
1153 2317 1434 2382 rectam
1487 2308 1693 2380 uiam
1745 2309 2006 2398 nescit,
2066 2307 2217 2397 ubi,
2274 2317 2361 2381 ut
2402 2309 2509 2399 fit,
2565 2309 2646 2380 in

392 2459 442 2500 ιε
469 2429 725 2524 plures
777 2453 930 2502 una
983 2427 1422 2519 diffinditur‚
1486 2428 1748 2503 haeret
1799 2429 2067 2502 anxius
2118 2452 2261 2500 nec
2316 2429 2647 2526 singulas

469 2551 695 2623 audet
739 2549 1016 2647 eligere
1061 2574 1204 2622 nec
1247 2549 1637 2622 uniuersas
1683 2558 1930 2643 potest
1972 2551 2321 2644 probare:
2380 2549 2486 2622 sic
2524 2551 2646 2622 cui

465 2695 620 2743 non
674 2679 786 2743 est
827 2671 992 2743 ueri
1037 2669 1304 2742 stabile
1348 2670 1736 2762 iudicium,
1794 2679 2021 2766 prout
2053 2671 2286 2742 infida
2321 2670 2645 2765 suspicio

465 2790 861 2886 spargitur,
919 2792 1026 2862 ita
1063 2791 1223 2864 eius
1262 2791 1490 2863 dubia
1539 2791 1796 2885 opinio
1841 2788 2263 2885 dissipatur.
2352 2791 2646 2865 nullum
2681 2807 2716 2860 4

463 2911 719 3006 itaque
756 2909 1203 2984 miraculum
1241 2920 1372 3002 est,
1413 2912 1474 2985 si
1505 2910 1878 2984 Caecilius
1914 2911 2329 2984 identidem
2363 2913 2444 2982 in
2473 2935 2647 2984 con-

385 3063 440 3106 ιο
467 3032 711 3104 trariis
755 3056 844 3104 ac
888 3033 1482 3127 repugnantibus
1528 3033 1849 3105 iactetur
1893 3038 2183 3104 aestuet
2216 3032 2642 3105 fluctuetur.

467 3155 665 3246 quod
702 3177 800 3226 ne
836 3153 969 3224 fiat
1002 3152 1339 3243 ulteriuS,
1383 3153 1831 3226 conuincam
1868 3159 1944 3223 et
1977 3152 2422 3248 redarguam
2450 3175 2643 3244 quae

465 3272 665 3346 dicta
726 3281 919 3364 sunt,
987 3282 1073 3345 ut
1135 3273 1478 3367 quamuis
1549 3273 1845 3344 diuersa
1898 3296 1943 3343 a
1994 3272 2313 3344 ueritate
2382 3271 2646 3343 confir-

615 3481 657 3538 4
703 3479 1130 3539 comuitiorum
1161 3483 1209 3540 P
1253 3497 1400 3540 corr.
1435 3477 1506 3538 in
1551 3477 1966 3538 conuiciorum
2005 3473 2030 3557 ΙΙ
2078 3476 2114 3535 5
2162 3477 2409 3535 flumine
2441 3476 2643 3536 Meur-

460 3565 615 3625 siws:
676 3566 744 3624 in
799 3566 1030 3625 lumine
1074 3568 1123 3624 P
1176 3561 1202 3646 ss
1256 3567 1296 3625 8
1350 3567 1519 3625 uafre
1563 3565 1829 3624 dictione
1872 3579 2009 3624 nos:
2067 3571 2171 3622 tua
2224 3563 2485 3623 eruditio
2531 3566 2580 3622 P
2622 3556 2645 3644 Η

467 3651 549 3712 10
591 3653 820 3711 incerto
864 3669 1002 3711 nos:
1058 3653 1289 3712 incerto
1336 3653 1648 3712 certiorP
1701 3647 1728 3732 ΙΙ
1783 3651 1865 3710 12
1910 3658 2255 3710 nostrorum
2296 3667 2437 3711 nos:
2495 3651 2642 3708 nolo

461 3741 510 3797 P
541 3734 568 3818 ΙΙ
602 3737 681 3796 13
728 3738 1122 3815 simplicitate
1155 3738 1459 3799 Gelenius:
1493 3738 1831 3798 subtilitate
1863 3736 2253 3814 simplicitate
2284 3740 2333 3796 P
2372 3733 2397 3816 Η
2448 3737 2530 3795 14
2574 3738 2643 3795 flt

471 3823 773 3884 Gelenius:
819 3826 901 3884 sit
929 3827 978 3883 P
1010 3821 1036 3904 ΙΙ
1083 3824 1163 3883 15
1197 3826 1536 3885 diffinditur
1575 3824 1876 3885 Gelenius:
1913 3824 2270 3883 diffunditur
2300 3825 2348 3882 P
2381 3819 2406 3902 ΙΙ
2437 3824 2644 3882 haeret

474 3909 888 3986 Wopkens-ius:
937 3912 1081 3986 quia
1113 3909 1233 3988 (sed
1261 3932 1295 3968 a
1323 3909 1510 3988 crasa)
1556 3912 1723 3970 uiam
1751 3911 1946 3972 nescit
1973 3910 2144 3969 heret
2170 3911 2219 3968 P
2259 3907 2284 3990 [Ι
2328 3910 2408 3968 16
2440 3916 2643 3985 potest

459 3996 716 4056 inseruit
762 3997 1236 4073 Kronmberyius
1291 3995 1318 4076 ΙΙ
1368 3999 1450 4059 20
1503 4006 1738 4058 aestuet
1782 3996 2107 4057 Meursius:
2178 4004 2350 4055 aestu
2402 4004 2464 4055 et
2521 3998 2570 4054 P
2621 3989 2643 4076 ΙΙ
2760 3993 2773 4010 “

463 4084 543 4142 21
593 4083 963 4143 comvincam
1007 4087 1056 4143 P
1088 4081 1113 4164 Η
1146 4104 1298 4159 quae
1330 4085 1491 4144 dicta
1529 4093 1687 4162 sunt,
1734 4092 1804 4144 ut
1850 4082 2126 4159 quamuis
2172 4084 2411 4141 diuersa
2454 4104 2489 4141 a
2532 4102 2641 4141 ue-

457 4169 637 4230 ritate
683 4172 1028 4230 confirmata
1081 4172 1471 4247 probataque.
1543 4171 1631 4230 sic
1674 4185 1814 4230 ‘nos‘
1802 4215 1815 4231 .
1872 4169 2144 4245 quamvis
2198 4169 2437 4228 diuersa
2484 4190 2638 4244 quae

461 4255 622 4316 dicta
665 4265 806 4316 sunt
848 4277 968 4316 una
997 4258 1252 4318 ueritate
1287 4259 1634 4318 confirmata
1677 4259 1989 4332 prouataq.
2026 4256 2148 4315 sint
2191 4259 2240 4315 P
2273 4254 2299 4336 Η
