3309 5192
1541 578 1905 652 -6-

641 785 987 879 aequoris
1022 785 1284 858 limine
1321 785 1614 879 plantas
1651 787 2184 884 tingueremuS,
2244 792 2442 882 quod
2481 789 2811 862 uicissim

640 931 844 979 nunc
898 906 1218 1000 adpulsu
1257 930 1391 980 suo
1426 908 1701 981 nostris
1737 911 2055 1003 pedibus
2092 911 2484 983 adluderet
2518 910 2808 1000 fluctus,

639 1051 840 1099 nunc
895 1026 1239 1100 relabens
1293 1052 1380 1099 ac
1433 1029 1753 1126 uestigia
1804 1030 2191 1104 retrahens
2244 1031 2326 1103 in
2380 1055 2538 1104 sese
2580 1054 2813 1104 resor-
2874 1032 2879 1037 ’

568 1163 604 1218 4
641 1150 871 1221 beret.
964 1149 1237 1220 sensim
1288 1149 1543 1242 itaque
1596 1150 2154 1244 tranquilleque
2200 1153 2574 1248 progressi
2609 1176 2811 1224 oram

641 1268 855 1342 curui
910 1268 1237 1342 molliter
1289 1268 1528 1342 litoris
1580 1270 1725 1343 iter
1778 1268 2053 1344 fabulis
2116 1268 2557 1346 fallentibus
2609 1273 2815 1368 lege·
2842 1299 2867 1338 ⁵

639 1392 924 1461 bamus.
1018 1388 1206 1462 haec
1269 1386 1634 1462 fabulatio
1700 1399 1859 1463 erat
1912 1391 2185 1464 Octaui
2241 1392 2668 1467 disserentis
2724 1396 2814 1466 de

639 1509 1120 1604 nauigatione
1173 1510 1524 1582 narrati0.
1617 1512 1747 1582 sed
1799 1511 1934 1582 ubi
1989 1511 2218 1582 eundi
2266 1512 2589 1604 spatium
2640 1514 2815 1584 satis

639 1632 919 1703 iustum
973 1655 1142 1702 cum
1189 1653 1529 1702 sermone
1569 1631 2186 1723 consumpsimuS,
2242 1631 2557 1702 eandem
2611 1633 2813 1704 uiam

559 1769 605 1822 5
642 1774 896 1822 rursus
932 1750 1168 1822 uersis
1203 1750 1540 1845 uestigiis
1587 1752 2043 1838 terebamus3
2102 1759 2177 1822 et
2213 1775 2384 1822 cum.
2421 1752 2514 1821 ad
2551 1751 2631 1821 id
2664 1750 2811 1822 loci

643 1878 954 1942 uentum
993 1879 1123 1960 est,
1181 1870 1314 1943 ubi
1367 1872 1777 1943 subductae
1822 1869 2218 1942 nauiculae
2256 1870 2641 1942 substratis
2694 1894 2895 1942 ro-1o

640 1991 946 2063 boribus
1011 1993 1108 2062 ad
1174 2014 1444 2063 arenae
1517 1993 1768 2063 tabem
1835 2015 2237 2084 suspensae
2302 1990 2811 2084 quiescebant,

641 2135 914 2205 pueros
981 2111 1326 2183 uidemus
1398 2111 1740 2184 certatim
1822 2112 2220 2208 gestientes
2299 2119 2657 2184 testarum
2734 2112 2815 2183 in

561 2249 605 2302 6
643 2256 844 2304 mare
916 2232 1493 2304 iaculationibus
1565 2232 1851 2304 ludere.
1952 2233 2016 2305 is
2089 2231 2295 2304 lusus
2368 2241 2479 2304 est
2549 2240 2815 2304 testam

641 2361 955 2426 teretem
1026 2353 1427 2426 iactatione
1489 2353 1856 2427 fluctuum
1926 2353 2331 2450 leuigatam
2398 2351 2651 2447 legere
2722 2354 2814 2424 de

639 2474 884 2564 litore,
942 2498 1106 2544 eam
1159 2482 1427 2546 testam
1481 2473 1711 2567 plano
1749 2475 1897 2546 situ
1935 2474 2185 2570 digitis
2222 2472 2815 2567 conprehensam
2846 2500 2895 2540 15

642 2593 1004 2666 inclinem
1074 2593 1324 2686 ipsum
1395 2602 1621 2686 atque
1696 2594 2064 2666 humilem
2136 2601 2496 2687 quantum
2574 2602 2817 2687 potest

641 2739 868 2807 super
922 2714 1158 2785 undas
1195 2714 1545 2804 inrotare,
1601 2723 1689 2787 ut
1740 2715 1932 2786 illud
1979 2714 2312 2786 iaculum
2347 2713 2479 2785 uel
2515 2715 2815 2785 dorsum

645 2834 870 2905 maris
923 2834 1238 2924 raderet,
1300 2836 1478 2906 dum
1531 2835 1689 2907 leni
1740 2835 2032 2929 impetu
2083 2834 2385 2923 labitur,
2442 2833 2571 2906 uel
2624 2858 2816 2905 sum-

645 2955 785 3025 mis
840 2953 1190 3026 fluctibus
1257 2955 1490 3026 tonsis
1546 2955 1924 3046 emicaret,
2002 2957 2180 3026 dum
2242 2953 2551 3025 adsiduo
2624 2954 2819 3026 saltu

644 3074 1100 3148 subleuatur.
1190 3075 1254 3146 is
1309 3099 1386 3146 se
1423 3075 1504 3147 in
1540 3075 1795 3170 pueris
1831 3075 2196 3148 uictorem
2240 3073 2549 3162 ferebat,
2608 3075 2818 3146 cuius
2846 3101 2898 3142 20

641 3202 830 3267 testa
869 3204 944 3267 et
979 3204 1454 3289 procurreret
1487 3195 1787 3292 longius
1837 3204 1912 3268 et
1945 3193 2413 3288 frequentius
2458 3194 2811 3266 exsiliret.

563 3313 614 3380 4
799 3315 1041 3411 Igitur
1095 3341 1265 3388 cum
1320 3340 1457 3388 nos
1510 3317 1654 3388 hac
1708 3315 2118 3410 spectaculi
2151 3314 2541 3409 uoluptate
2597 3339 2821 3409 cape-

643 3459 917 3526 remur,
977 3435 1350 3509 Caecilius
1404 3436 1600 3508 nihil
1650 3437 2042 3509 intendere
2079 3459 2327 3529 neque
2367 3437 2459 3508 de
2510 3443 2820 3508 conten·-

641 3555 848 3628 tione
902 3555 1169 3646 ridere,
1246 3558 1377 3630 sed
1440 3565 1695 3628 tacens
1752 3557 2019 3627 anxius
2082 3565 2507 3652 segregatus
2563 3556 2817 3628 dolere

799 3779 836 3836 2
883 3778 1142 3854 adpulsu
1187 3799 1296 3837 suo
1342 3796 1481 3837 uos:
1529 3779 1852 3855 adpulsum
1897 3781 1945 3838 P
1978 3775 2003 3858 ΙΙ
2036 3779 2073 3838 6
2121 3781 2230 3854 heac
2274 3782 2323 3837 P
2367 3797 2516 3838 corr.
2550 3798 2632 3839 m.
2668 3781 2711 3838 2
2749 3777 2820 3838 iu

643 3867 754 3940 hee
798 3860 824 3942 ΙΙ
863 3865 1154 3924 fabulatio
1211 3873 1335 3924 erat
1383 3883 1524 3924 uos:
1580 3866 1815 3925 fabulae
1870 3872 2037 3924 erant
2080 3868 2129 3923 P
2182 3862 2207 3944 Η
2261 3866 2301 3924 8
2357 3867 2604 3925 eandem
2655 3867 2820 3925 uiam

647 3949 1135 4026 Synnerberqius:
1170 3952 1418 4011 eandem
1443 3953 1671 4011 emensi
1696 3952 1921 4010 uiamP
1954 3949 1977 4030 Η
2014 3953 2092 4010 11
2126 3955 2199 4009 ad
2225 3973 2435 4012 arenae
2458 3955 2657 4012 tabem
2677 3969 2814 4012 nos:

642 4057 680 4095 a
710 4044 943 4096 terrena
980 4038 1116 4096 labe
1160 4041 1208 4098 P
1240 4035 1266 4116 ΙΙ
1301 4040 1382 4097 12
1426 4038 1692 4096 uidimus
1734 4036 2022 4098 Usmerus
2052 4037 2077 4117 ss
2113 4039 2193 4098 18
2237 4041 2473 4098 raderet
2502 4039 2815 4098 Halmius:

644 4125 880 4183 raderet
908 4125 1010 4184 uel
1042 4133 1307 4186 enataret
1350 4128 1398 4185 P
1439 4121 1464 4205 Η
1511 4125 1590 4184 19
1639 4124 1921 4184 emicaret
1949 4125 2259 4184 Halmius:
2309 4125 2589 4184 emicaret
2629 4146 2819 4183 emer-

639 4219 814 4353 glellret
843 4207 1080 4376 ΡΡΗΙΙ22
1113 4233 1223 4272 nos
1255 4211 1753 4288 Kronenberqius:
1790 4232 1997 4271 omnes
2028 4215 2077 4270 P
2118 4208 2143 4291 Η
2189 4213 2271 4270 24
2303 4213 2505 4271 dolere
2534 4211 2813 4271 Ursinus:

686 4316 721 4354 o
750 4317 851 4355 ore
