3309 5192
1520 571 1621 584 ...-
1677 526 1934 601 40..-

639 740 826 811 dunt
876 748 1184 832 pectora
1239 747 1314 811 et
1370 739 1706 812 dolorem
1751 734 2313 810 infelicissimae
2360 737 2615 808 matris
2650 737 2817 808 imi-

636 867 924 932 tantur:
983 883 1161 932 mox
1206 859 1519 932 inuento
1564 857 1884 952 paruulo
1932 857 2207 952 gaudet
2253 856 2415 946 Isis,
2476 857 2817 930 exultant

637 982 1082 1068 sacerdoteS,
1150 979 1727 1076 Cynocephalus
1796 978 2153 1050 inuentor
2220 975 2603 1072 gloriatur,
2673 1003 2816 1051 nec

639 1101 989 1172 desinunt
1059 1101 1274 1173 annis
1346 1101 1692 1174 omnibus
1768 1098 1898 1171 1101
1958 1098 2273 1192 perdere
2340 1101 2541 1191 quod
2603 1099 2815 1171 inue-

565 1242 598 1296 2
634 1220 855 1292 niunt
889 1220 1017 1293 uel
1060 1221 1405 1294 inuenire
1445 1221 1646 1313 quod
1682 1220 2029 1314 perdunt.
2121 1242 2375 1291 nonne
2412 1217 2817 1290 ridiculum
2844 1251 2871 1290 5

636 1350 747 1414 est
797 1341 927 1413 uel
977 1341 1238 1436 lugere
1289 1343 1488 1434 quod
1545 1339 1747 1413 colas
1794 1338 1924 1411 uel
1972 1338 2218 1411 colere
2266 1341 2466 1432 quod
2510 1340 2818 1434 lugeas?

634 1463 822 1534 11300
875 1463 1134 1533 11131113
1189 1461 1565 1557 Aegyptia
1620 1460 1999 1553 quondam
2047 1483 2251 1532 nunc
2298 1469 2373 1532 et
2421 1483 2629 1531 sacra
2665 1459 2813 1531 Ro-

637 1608 859 1655 mana
921 1591 1116 1655 sunt.
1211 1581 1436 1654 Ceres
1507 1578 1797 1653 facibus
1860 1581 2190 1652 accensis
2258 1590 2333 1652 et
2385 1590 2816 1674 serpentum

639 1704 1095 1776 circumdata
1119 1701 1428 1775 horrore
1458 1703 1890 1796 subreptam
1918 1709 1994 1772 et
2020 1708 2448 1795 corruptam
2464 1702 2817 1774 Liberam

639 1823 864 1895 anxia
937 1831 1013 1894 et
1082 1822 1404 1895 sollicita
1473 1823 1827 1918 uestigat:
1908 1822 2099 1893 haec
2164 1830 2337 1894 sunt
2405 1820 2897 1895 Eleusiniam

567 1967 602 2021 3
639 1952 714 2016 et
779 1967 971 2037 quae
1041 1943 1247 2016 Iouis
1317 1967 1525 2016 sacra
1595 1946 1813 2016 sunt‘?
1884 1941 2141 2014 nutrix
2212 1941 2506 2036 capella
2570 1952 2679 2016 est
2744 1951 2818 2015 et

639 2037 861 2136 auido
899 2065 1098 2159 patri
1131 2063 1594 2137 subtrahitur
1626 2061 1899 2154 infans,
1957 2087 2052 2134 ne
2088 2071 2418 2154 uoretur,
2475 2071 2552 2135 et
2590 2062 2819 2158 Cory-

640 2186 949 2257 bantum
1005 2185 1388 2280 cymbalis,
1456 2210 1553 2258 ne
1608 2194 1822 2279 pater
1875 2183 2131 2256 audiat
2182 2184 2500 2279 uaginis,
2556 2183 2817 2256 tinitus

572 2332 607 2385 4
643 2304 964 2378 eliditur.
1028 2305 1354 2400 Cybelae
1391 2307 1773 2400 Dindyma
1807 2305 2042 2399 pudet
2068 2305 2339 2395 dicere,
2381 2328 2575 2397 quae
2604 2304 2818 2375 adul-

636 2435 883 2499 terum
935 2449 1154 2498 suum
1205 2424 1612 2500 infeliciter
1664 2425 2053 2521 placitum,
2118 2425 2471 2518 quoniam
2526 2425 2691 2519 ipsa
2744 2432 2818 2496 et
2846 2452 2896 2492 15

640 2544 992 2619 deformis
1033 2554 1108 2618 et
1138 2545 1418 2638 uetula,
1474 2557 1560 2620 111
1595 2547 2006 2619 multorum
2043 2547 2352 2618 deorum
2405 2554 2665 2634 mater,
2723 2546 2817 2615 ad

638 2674 981 2761 stuprum
1030 2666 1344 2739 inlicere
1397 2690 1552 2738 non
1604 2676 1919 2761 poterat,
1988 2665 2343 2756 exsecuit,
2399 2674 2485 2738 ut
2537 2663 2818 2737 faceret

638 2810 812 2858 eum
849 2787 1302 2859 eunuchum.
1371 2798 1680 2881 propter
1715 2788 1911 2859 hanc
1947 2784 2281 2859 fabulam
2312 2784 2522 2858 Galli
2550 2809 2715 2858 eam
2745 2792 2817 2856 01

637 2907 972 2979 semiuiri
1027 2907 1257 2978 ceteri
1310 2907 1425 2979 sui
1475 2909 1805 3002 corporis
1860 2905 2232 3001 supplicio
2273 2906 2547 2979 colunt.
2626 2905 2815 2978 haec

565 3054 601 3108 5
635 3029 788 3100 iam
830 3051 986 3099 non
1036 3036 1211 3098 sunt
1259 3051 1488 3117 sacra,
1544 3037 1916 3102 tormenta
1962 3037 2154 3100 sunt.
2251 3028 2476 3121 quid?
2529 3023 2813 3098 formae
2840 3052 2893 3094 20

634 3149 845 3242 ipsae
900 3155 976 3220 et
1025 3146 1326 3219 habitus
1378 3173 1631 3221 nonne
1688 3157 2012 3244 arguunt
2074 3146 2403 3220 ludibria
2458 3156 2533 3220 et
2593 3148 2817 3218 dede-

640 3293 813 3341 cora
864 3270 1175 3340 deorum
1219 3273 1685 3342 uestrorum?
1753 3267 2140 3340 Vulcanus
2179 3268 2487 3340 claudus
2528 3270 2709 3340 deus
2747 3276 2820 3339 et

635 3388 925 3479 debilis,
965 3388 1248 3483 Apollo
1287 3397 1398 3462 tot
1433 3391 1800 3464 aetatibus
1834 3388 2049 3479 101113,
2087 3388 2587 3483 Aesculapius
2623 3390 2814 3460 bene

631 3511 1009 3598 barbatuS,
1066 3510 1207 3582 etsi
1261 3534 1556 3604 semper
1608 3509 2106 3582 adulescentis
2159 3507 2543 3603 Apollinis
2593 3508 2813 3598 filius,

634 3629 1033 3724 Neptunus
1086 3629 1370 3726 glaucis
1426 3628 1685 3720 oculis,
1755 3629 2109 3702 Minerua
2162 3630 2443 3720 0303113,
2514 3627 2815 3701 bubulis
2843 3651 2897 3694 2⁵

789 3907 824 3964 7
872 3906 1074 3964 11131113
1115 3923 1259 3966 uos:
1307 3913 1509 3964 tamen
1538 3907 1588 3964 P
1630 3902 1656 3986 Η
1698 3905 1737 3964 8
1783 3914 2131 3982 serpentum
2175 3905 2541 3964 circumdata
2569 3906 2815 3963 horrore

631 4009 766 4052 nos:
815 4001 1092 4070 serpente
1129 4013 1178 4051 0.
1213 4012 1410 4052 errore
1442 3993 1491 4050 P
1531 3989 1556 4073 Η
1610 3992 1689 4052 13
1736 3991 1953 4052 111111113
1996 3990 2423 4050 Baehreusius:
2470 3990 2660 4050 initus
2705 3993 2754 4048 P
2798 3983 2818 4070 ss

636 4079 716 4138 15
762 4080 896 4156 ipsa
942 4087 1002 4139 et
1046 4078 1475 4138 Heumannus:
1525 4089 1586 4139 et
1629 4081 1762 4156 ipsa
1806 4079 1855 4136 P
1908 4073 1933 4157 Η
1990 4079 2067 4136 17
2114 4085 2185 4136 ut
2226 4079 2448 4139 faceret
2492 4097 2629 4136 eum
2672 4091 2811 4135 uos:

630 4172 700 4225 ut
745 4167 923 4225 deum
969 4166 1202 4226 scilicet
1229 4167 1453 4224 faceret
1497 4173 1558 4226 et
1606 4163 1729 4244 (sed
1770 4174 1831 4225 et
1874 4163 2133 4243 erasum)
2177 4164 2226 4221 P
2273 4160 2298 4242 ΙΙ
2347 4164 2425 4222 19
2475 4164 2661 4222 ceteri
2703 4180 2817 4223 nos

632 4251 974 4311 addidimus
1004 4248 1029 4332 ΙΙ
1064 4254 1143 4310 21
1194 4253 1484 4311 dedecora
1525 4251 1831 4312 Gelenius:
1879 4252 2093 4310 decora
2137 4250 2186 4307 P
2218 4249 2243 4329 η
