3309 5192
1346 557 1763 631 -29...

462 781 644 862 tum,
719 779 805 842 ut
869 792 1009 863 per
1069 767 1388 862 uestigia
1440 790 1575 838 sua
1635 767 1815 838 anni
1867 767 2313 840 reuertentis
2368 767 2645 840 occulti

467 901 542 964 et
590 889 890 963 innoxii
932 888 1284 960 transitus
1332 885 1789 958 laberentur.
1880 887 2037 959 aeri
2075 887 2413 960 intende:
2470 888 2641 986 lege
2678 901 2712 956 9

466 1010 826 1108 genitoris
901 1008 1314 1104 stringitur;
1397 1007 1759 1101 quicquid
1831 1032 2181 1080 aruorum
2252 1019 2362 1082 est
2431 1011 2637 1082 uide:

469 1155 666 1224 aqua
730 1155 771 1202 e
844 1137 1080 1201 terrae
1151 1128 1566 1200 uisceribus
1637 1128 2039 1230 animatum
2116 1129 2366 1223 aspice
2433 1153 2642 1202 ocea-

389 1283 416 1322 5
471 1276 686 1324 num:
745 1249 994 1322 refluit
1041 1249 1446 1343 reciprocis
1485 1249 1835 1321 aestibus.
1927 1249 2103 1320 uide
2150 1247 2427 1322 fontes:
2488 1274 2643 1321 ma-

472 1381 656 1444 nant
690 1371 903 1443 uenis
929 1370 1418 1464 perennibus;
1456 1369 1729 1441 fluuios
1764 1369 2086 1443 intuere:
2134 1378 2313 1442 eunt
2350 1393 2645 1464 semper

476 1492 818 1565 exercitis
861 1491 1229 1585 lapsibus;
1290 1490 1474 1583 quid
1525 1490 1793 1583 loquar
1830 1499 2002 1584 apte
2042 1489 2398 1584 disposita
2442 1498 2647 1563 recta
2682 1501 2753 1558 10

473 1613 856 1702 montium,
888 1611 1209 1684 uallium
1232 1610 1451 1700 flexa,
1483 1621 1829 1705 porrecta
1846 1615 2328 1706 camporum?
2366 1611 2645 1705 quidue
2749 1611 2780 1632 ²

469 1734 961 1806 animantium
1030 1732 1301 1826 loquar
1365 1732 1720 1803 aduersus
1793 1755 1951 1805 sese
2015 1731 2331 1804 tutelam
2392 1731 2647 1814 multi-

392 1883 441 1924 10
468 1851 814 1926 formem:
858 1853 1043 1926 alias
1081 1862 1398 1925 armatas
1437 1853 1789 1924 cornibus
1827 1852 2009 1924 alias
2046 1852 2395 1925 dentibus
2432 1876 2651 1946 saep-

467 1985 600 2065 taS,
677 1984 755 2047 et
817 1971 1167 2046 fundatas
1229 1973 1528 2068 ungulis
1597 1981 1673 2045 et
1743 1973 2062 2066 spicatas
2131 1971 2432 2062 aculei5‚
2519 1982 2649 2045 aut

469 2096 749 2189 pedum
819 2095 1202 2167 celeritate
1271 2093 1546 2166 liberas
1617 2104 1746 2167 aut
1818 2093 2143 2165 elatione
2197 2093 2647 2187 pinnarum?

469 2217 636 2309 ipsa
697 2215 1104 2309 praecipue
1176 2212 1460 2286 formae
1523 2224 1819 2287 nostrae
1884 2213 2369 2308 pulchritudo
2425 2216 2650 2287 deum
2684 2227 2749 2280 11

473 2333 757 2407 fatetur·
820 2336 1208 2408 artificem:
1293 2343 1524 2408 status
1597 2335 1903 2431 rigidus,
1988 2333 2243 2406 uultus
2334 2341 2644 2424 erectus,

396 2486 447 2528 ιε
476 2455 678 2528 oculi
711 2456 792 2526 in
829 2479 1113 2528 summo
1152 2455 1365 2528 uelut
1398 2456 1479 2527 in
1517 2455 1823 2548 specula
1860 2453 2245 2526 constituti
2282 2461 2357 2525 et
2393 2477 2649 2526 omnes

475 2575 706 2649 ceteri
759 2573 1014 2648 sensus
1069 2577 1486 2670 compositi.
1585 2575 1900 2672 longum
1964 2584 2073 2647 est
2138 2575 2249 2646 ire
2303 2599 2441 2669 per
2496 2575 2646 2646 sin-
2662 2576 2753 2644 18

472 2697 669 2792 gula.
759 2695 957 2769 nihil
1007 2697 1090 2767 in
1141 2696 1447 2768 homine
1502 2697 2006 2769 membrorum
2061 2706 2191 2786 est,
2250 2697 2451 2789 quod
2496 2720 2650 2768 non

475 2826 550 2889 et
599 2817 1060 2889 necessitatis
1115 2841 1338 2888 causa
1391 2816 1486 2887 sit
1541 2825 1615 2888 et
1672 2817 1988 2902 decoris;
2050 2826 2124 2889 et
2168 2819 2370 2910 quod
2414 2816 2649 2912 magis

473 2936 745 3008 mirum
809 2945 940 3023 est,
1015 2938 1279 3008 eadem
1340 2938 1580 3033 figura
1644 2937 2013 3024 omnibuS,
2078 2939 2209 3009 sed
2283 2939 2649 3031 quaedam

393 3089 447 3131 20
473 3057 880 3150 unicuique
945 3057 1386 3129 liniamenta
1452 3057 1775 3130 deflexa:
1850 3059 1956 3129 sic
2012 3067 2087 3130 et
2138 3058 2417 3130 similes
2482 3057 2651 3129 uni-

472 3177 673 3249 uersi
725 3177 1074 3249 uidemur
1119 3188 1195 3249 et
1239 3178 1438 3250 inter
1473 3201 1551 3250 se
1589 3178 1866 3273 singuli
1918 3177 2312 3249 dissimiles
2354 3177 2652 3249 inueni-

474 3322 660 3370 mur.
748 3297 930 3391 quid
952 3299 1322 3370 >nascendi
1357 3298 1598 3373 ratio?
1664 3298 1847 3392 quid
1884 3297 2157 3391 cupido
2196 3299 2650 3392 generandi?
2687 3310 2720 3362 2

472 3441 725 3490 nonne
781 3442 824 3488 a
879 3419 1019 3489 deo
1074 3418 1331 3490 datum
1395 3426 1507 3490 est
1573 3428 1647 3491 et
1709 3427 1795 3490 ut
1855 3420 2089 3490 ubera
2142 3426 2363 3512 partu
2414 3427 2651 3491 matu-

473 3546 811 3610 rescente
860 3538 1270 3610 lactescant
1318 3547 1393 3611 et
1438 3546 1524 3610 ut
1567 3548 1781 3612 tener
1817 3535 2013 3611 fetus
2050 3541 2389 3611 ubertate
2427 3539 2651 3611 lactei

393 3697 446 3740 25
473 3658 661 3730 roris
715 3657 1136 3730 adolescat?
1198 3683 1340 3731 nec
1394 3659 1868 3732 uniuersitati
1923 3653 2387 3732 solummodo
2444 3661 2646 3750 deus,
2687 3683 2721 3737 3

2787 1547 2828 1611 s

475 3933 740 3992 inserere
785 3933 833 3991 P
874 3929 900 4013 ΙΙ
944 3935 981 3991 2
1028 3935 1376 3994 lauerentur
1418 3934 1505 3993 P1
1546 3931 1571 4015 ΙΙ
1615 3937 1740 4014 aeri
1784 3935 2315 4010 Zmycmcisteow:
2365 3935 2517 3993 mari
2556 3928 2654 4017 ΡΗ

477 4019 515 4078 3
563 4020 856 4098 genitoris
899 4036 1038 4080 nos:
1094 4021 1294 4080 litoris
1338 4021 1386 4078 P
1441 4019 1466 4097 ΙΙ
1519 4042 1802 4081 aruorum
1845 4021 2323 4080 Klussmcmnus:
2374 4022 2652 4080 arborum

476 4106 525 4163 P
557 4102 582 4185 Η
614 4108 656 4165 4
700 4126 856 4181 aqua
886 4109 1108 4167 Rehm:
1160 4127 1340 4182 quam
1370 4107 1418 4165 P
1460 4105 1486 4185 ss
1529 4109 1568 4167 8
1611 4109 1873 4166 uallium
1903 4106 2227 4166 Dauisius:
2277 4107 2526 4165 collium
2556 4108 2604 4166 P
2634 4103 2653 4189 ΙΙ

482 4191 563 4252 16
610 4209 822 4252 sensus
865 4209 924 4252 r:
973 4195 1206 4268 sensib;
1255 4193 1303 4251 P
1345 4188 1369 4273 ΙΙ
1417 4213 1629 4254 sensus
1676 4195 1998 4270 compositi
2040 4209 2175 4252 nos:
2226 4213 2433 4253 sensus
2465 4195 2653 4253 uelud

478 4279 544 4337 in
587 4299 722 4339 arce
769 4281 1092 4357 compositi
1136 4280 1184 4338 P
1217 4277 1242 4360 Η
1276 4280 1356 4340 23
1405 4282 1610 4341 datum
1652 4297 1791 4340 nos:
1840 4282 1976 4339 data
2019 4281 2067 4338 P
2100 4277 2123 4359 ΙΙ
