3309 5192
1543 483 1803 605 „244
1855 575 1957 584 -..

559 751 646 819 24
660 743 908 817 induit
970 752 1045 816 et
1107 742 1505 816 dedicauit.
1602 750 1883 834 quanta
1950 765 2133 814 uero
2204 741 2695 837 despicientia
2749 744 2841 814 de

664 863 805 936 diis
883 864 1152 936 uestris
1231 862 1585 935 animalia
1666 870 1875 934 muta
1952 861 2397 934 naturaliter
2473 863 2835 936 iudicant!

662 1008 909 1057 mures
981 983 1422 1056 hirundines
1500 981 1721 1054 milui
1800 1007 1955 1055 non
2022 983 2298 1056 sentire
2370 1008 2495 1056 eos
2562 983 2836 1056 sciunt:

661 1106 937 1178 rodunt
988 1104 1353 1178 insultant
1403 1104 1734 1175 insident
1781 1128 1889 1194 ac,
1948 1103 2094 1175 nisi
2148 1104 2485 1200 abigatiS,
2540 1105 2623 1175 in
2675 1104 2841 1198 ipso

664 1225 785 1297 dei
840 1226 1070 1298 uestri
1125 1249 1253 1298 ore
1301 1224 1721 1309 nidificant;
1779 1247 2094 1296 araneae
2132 1248 2315 1298 uero
2361 1222 2635 1297 faciem
2681 1225 2841 1296 eius
2868 1257 2895 1296 ⁵

593 1369 626 1420 2
661 1346 1015 1418 intexunt
1068 1355 1143 1419 et
1180 1347 1270 1417 de
1314 1345 1482 1438 ipso
1520 1345 1767 1437 capite
1804 1368 1938 1416 sua
1973 1345 2103 1416 fila
2140 1346 2625 1438 suspendunt.
2706 1369 2841 1417 uos

660 1466 964 1561 tergetis
1038 1465 1412 1537 mundatis
1477 1465 1779 1537 eraditis
1834 1473 1909 1538 et
1962 1465 2156 1556 illos,
2228 1489 2415 1558 quos
2468 1463 2714 1538 facitis
2769 1473 2844 1537 et

661 1585 1076 1681 protegitiS,
1144 1584 1445 1670 timetis,
1503 1586 1683 1658 dum
1734 1587 2248 1679 unusquisque
2301 1594 2637 1658 uestrum
2688 1609 2844 1658 non

664 1706 943 1802 cogitat
1003 1705 1212 1800 prius
1265 1730 1343 1777 se
1409 1706 1681 1778 debere
1737 1707 1960 1778 deum
2012 1729 2229 1778 nosse
2287 1730 2511 1799 quam
2567 1705 2838 1796 colere,

665 1827 844 1898 dum
896 1825 1318 1898 inconsulte
1373 1826 1704 1921 gestiunt
1746 1825 2183 1920 parentibus
2230 1827 2604 1918 oboedire,
2663 1827 2843 1898 dum
2874 1860 2925 1901 ιο

662 1947 827 2018 fieri
878 1946 1171 2019 malunt
1224 1946 1455 2018 alieni
1510 1947 1779 2019 erroris
1836 1947 2159 2020 accessio
2213 1971 2441 2041 quam
2495 1947 2639 2019 sibi
2688 1971 2844 2019 cre-

667 2068 865 2156 dere,
933 2068 1112 2138 dum
1179 2067 1375 2139 nihil
1430 2090 1525 2171 ei}
1586 2066 1707 2140 his
1770 2091 1964 2161 quae
2025 2067 2294 2140 timent
2344 2078 2642 2141 norunt.
2738 2068 2843 2140 sic

663 2187 746 2259 in
798 2211 980 2260 auro
1038 2196 1113 2259 et
1166 2197 1473 2284 argento
1527 2189 1845 2260 auaritia
1900 2197 2330 2260 consecrata
2367 2196 2499 2278 est,
2556 2187 2662 2259 sic
2699 2196 2843 2260 sta-

664 2319 960 2381 tuarum
1011 2309 1353 2382 inanium
1408 2310 1844 2405 consignata
1892 2306 2155 2398 forma,
2214 2309 2320 2380 sic
2355 2318 2533 2380 nata
2566 2308 2846 2380 Roma-

665 2430 782 2501 nis
836 2453 1034 2500 uana
1103 2430 1554 2523 superstitio.
1649 2453 1969 2522 quorum
2022 2429 2208 2502 ritus
2262 2429 2325 2500 si
2377 2452 2928 2522 percenseaS,1⁵

664 2550 979 2622 ridenda
1032 2573 1260 2642 quam
1294 2549 1553 2639 multa,
1613 2574 1839 2642 quam
1883 2550 2119 2621 multa
2166 2547 2391 2621 etiam
2429 2549 2848 2620 miseranda

596 2695 630 2748 3
669 2674 868 2742 sunt!
943 2671 1128 2741 nudi
1193 2671 1423 2742 cruda
1474 2670 1725 2743 hieme
1791 2670 2239 2758 discurrunt,
2305 2669 2437 2740 alii
2488 2669 2850 2742 incedunt

668 2790 984 2886 pilleati,
1043 2797 1252 2862 scuta
1295 2798 1555 2862 uetera
1593 2787 2153 2880 circumferunt,
2210 2790 2453 2884 pelles
2500 2792 2842 2880 caedunt,

667 2911 1178 2984 mendicantes
1247 2909 1556 2983 uicatim
1611 2911 1789 2982 deos
1854 2911 2173 2999 ducunt3
2243 2913 2611 3004 quaedam
2671 2907 2848 2982 fana

667 3031 903 3104 semel
967 3055 1166 3104 anno
1233 3031 1440 3103 adire
1502 3031 1968 3125 permittunt,
2040 3033 2409 3124 quaedam
2471 3032 2551 3103 in
2606 3040 2849 3103 totum
2876 3065 2930 3108 πο

667 3150 878 3225 nefas
932 3153 1211 3239 uisere;
1273 3161 1383 3225 est
1437 3175 1587 3244 quo
1629 3153 1797 3224 uiro
1850 3154 1959 3224 ire
2014 3176 2169 3225 non
2222 3152 2421 3243 licet,
2478 3150 2849 3226 nonnulla

667 3275 948 3366 absque
1003 3271 1305 3346 feminis
1360 3297 1568 3346 sacra
1612 3281 1807 3363 sunt,
1867 3271 2092 3345 etiam
2138 3297 2353 3346 seruo
2401 3272 2846 3366 quibusdam

666 3394 1138 3467 caerimoniis
1197 3394 1558 3467 interesse
1619 3391 2005 3486 piaculare
2068 3392 2434 3487 flagitium
2484 3402 2630 3484 est;
2698 3394 2849 3465 alia

667 3538 874 3586 sacra
945 3525 1252 3588 coronat
1315 3514 1637 3604 uniuira‚
1725 3512 1873 3584 alia
1944 3513 2349 3604 multiuira,
2434 3523 2527 3587 et.
2577 3539 2849 3612 magna

666 3634 1035 3732 religione
1105 3635 1573 3728 conquiritur
1638 3657 1833 3727 quae
1900 3633 2122 3728 plura
2184 3634 2418 3728 possit
2479 3636 2846 3708 adulteria
2874 3667 2927 3710 2⁵

825 3825 857 3881 1
915 3824 1118 3884 induit
1166 3840 1305 3883 nos:
1362 3823 1564 3882 uoluit
1606 3824 1656 3881 P
1709 3818 1735 3902 ΙΙ
1788 3822 2184 3899 despicientia
2242 3841 2356 3882 nos
2411 3822 2777 3883 inseruimus
2828 3818 2850 3906 Η

668 3911 709 3969 4
754 3912 978 3970 rodunt
1021 3909 1344 3969 Wowerus:
1392 3918 1614 3968 norunt
1657 3910 1707 3967 P
1750 3906 1775 3988 ss
1829 3909 2123 3969 insultant
2163 3908 2487 3969 Wowerus:
2545 3911 2849 3971 inculcant

665 3997 714 4054 P
760 3994 796 4076 Η
834 3999 870 4056 7
919 4005 980 4057 et
1023 3998 1346 4074 protegitis
1391 3995 1718 4055 Mem-sius:
1778 3995 2098 4073 protegitis
2144 4004 2205 4055 et
2248 3996 2297 4053 P
2351 3994 2375 4072 ΙΙ
2433 3998 2514 4055 14
2558 3997 2848 4056 Romanis

664 4103 821 4141 uana
863 4100 1002 4144 nos:
1049 4087 1321 4143 Romana
1350 4084 1399 4141 P
1430 4079 1455 4162 ΙΙ
1490 4083 1570 4142 16
1619 4103 1800 4157 quam
1831 4082 2039 4160 multa,
2087 4102 2265 4157 quam
2302 4083 2495 4142 multa
2532 4083 2847 4142 Hemna‘n-

662 4185 808 4229 nus:
859 4191 1037 4245 quam
1067 4173 1258 4231 multa
1287 4171 1336 4228 P
1367 4165 1393 4249 ΙΙ
1428 4170 1506 4228 19
1553 4169 1802 4229 uicatim
1843 4167 2144 4228 Gelenius:
2186 4170 2455 4228 uicantes
2485 4172 2533 4228 P
2566 4166 2592 4249 ΙΙ
2626 4171 2705 4229 21
2754 4170 2843 4228 ire

663 4273 777 4314 nos
820 4255 1164 4316 addidimus
1201 4253 1226 4337 Η
1265 4258 1412 4316 licet
1451 4255 1753 4315 Gelenius:
1801 4255 1946 4316 licet
1992 4264 2051 4312 et
2093 4255 2143 4312 P
2174 4252 2200 4333 11
