3309 5192
1555 517 1969 591 ...16-

675 751 900 821 quam
955 727 1340 815 nouerint3
1394 725 1673 821 passim
1712 727 1937 800 etiam
1974 728 2169 799 inter
2206 749 2332 799 eos
2370 727 2585 802 uelut
2621 752 2851 822 quae-

678 849 848 920 dam
917 847 1321 920 libidinum
1391 845 1656 943 religio
1732 848 2105 938 miscetur,
2188 871 2273 920 ac
2338 871 2416 919 se
2481 849 2851 943 promisce

676 967 1067 1063 appellant
1119 965 1384 1041 fratres
1441 976 1516 1040 et
1569 991 1879 1059 sororeS,
1946 977 2029 1041 ut
2093 970 2242 1041 iam
2306 993 2461 1041 non
2521 969 2852 1042 insolens

675 1099 1014 1182 stuprum
1067 1089 1598 1162 intercessione
1656 1089 1847 1160 sacri
1899 1090 2224 1162 nominis
2276 1091 2407 1162 fiat
2458 1090 2850 1164 incestum.

673 1211 779 1282 ita
842 1234 1101 1282 eorum
1166 1235 1361 1283 uana
1429 1219 1504 1283 et
1566 1211 1871 1282 demens
1946 1211 2373 1305 superstitio
2450 1212 2854 1285 sceleribus
2883 1239 2908 1278 5

604 1351 641 1406 3
676 1331 1062 1428 gloriatur.
1161 1354 1304 1402 nec
1382 1331 1474 1402 de
1549 1330 1753 1424 ipsis,
1830 1330 1976 1401 nisi
2050 1331 2485 1403 subsisteret
2550 1334 2850 1423 uerita8‚

676 1452 1000 1523 maxime
1053 1449 1343 1523 nefaria
1406 1458 1482 1522 et
1540 1450 1829 1521 honore
1895 1446 2308 1543 praefanda
2373 1475 2603 1545 sagax
2656 1449 2857 1522 fama

676 1571 1134 1665 loqueretur.
1227 1569 1452 1642 audio
1521 1592 1647 1640 eos
1704 1569 2177 1662 turpissimae
2230 1570 2543 1663 pecudis
2608 1580 2852 1665 caput,

678 1691 1036 1764 uidelicet
1071 1698 1298 1784 caput
1334 1688 1525 1760 asini
1563 1696 2077 1761 consecratum
2122 1688 2380 1783 inepta
2414 1689 2669 1762 nescio
2707 1714 2859 1783 qua

679 1811 1158 1906 persuasione
1194 1809 1570 1882 uenerari:
1631 1809 1859 1905 digna
1914 1817 1989 1881 et
2039 1816 2218 1880 nata
2258 1809 2524 1906 religio
2578 1809 2856 1883 talibus
2884 1834 2937 1879 ιο

609 1954 644 2007 4
680 1931 1039 2003 moribus!
1110 1930 1241 2002 alii
1296 1941 1422 2002 eos
1476 1927 1730 2004 ferunt
1780 1930 2015 2024 ipsius
2068 1929 2419 2002 antistitis
2472 1955 2561 2002 ac
2616 1954 2858 2003 sacer-

684 2052 876 2124 dotis
931 2051 1178 2124 colere
1218 2049 1579 2147 genitalia
1633 2060 1710 2123 et
1744 2049 1959 2144 quasi
2012 2051 2343 2144 parentis
2397 2052 2513 2123 sui
2548 2053 2857 2123 adorare

680 2180 1056 2244 naturam:
1112 2172 1367 2244 nescio
1423 2195 1520 2243 an
1556 2167 1767 2261 falsa,
1828 2177 2029 2242 certe
2066 2171 2380 2244 occultis
2435 2195 2523 2242 ac
2558 2180 2860 2246 noctur-

680 2293 796 2365 nis
833 2292 1058 2364 sacris
1096 2292 1435 2386 adposita
1470 2290 1825 2385 suspicio!
1870 2301 1944 2363 et
1981 2292 2113 2385 qui
2144 2291 2532 2364 hominem
2568 2316 2859 2365 summo

683 2412 1060 2507 supplicio
1114 2436 1251 2507 pro
1291 2409 1623 2484 facinore
1677 2409 2028 2506 punitum
2084 2420 2160 2484 et
2196 2411 2437 2484 crucis
2489 2411 2697 2508 ligna
2750 2410 2862 2484 fe-
2892 2439 2941 2480 15

682 2533 870 2606 ralia
907 2557 1168 2605 eorum
1206 2531 1695 2604 caerimonias
1724 2528 2127 2621 fabulatur,
2171 2533 2661 2627 congruentia
2687 2557 2859 2628 per-

685 2653 877 2726 ditis.
913 2653 1442 2746 sceleratisque
1477 2652 1743 2726 tribuit
1777 2651 2063 2741 altaria,
2121 2659 2206 2724 ut
2248 2652 2327 2722 id
2365 2651 2618 2724 colant
2662 2656 2861 2746 quod

613 2794 648 2848 5
686 2782 1085 2846 merentur.
1177 2774 1330 2844 iam
1383 2774 1475 2845 de
1513 2773 1895 2845 initiandis
1949 2772 2343 2858 tirunculis
2398 2769 2657 2845 fabula
2708 2782 2863 2846 tam

688 2895 1123 2967 detestanda
1175 2918 1400 2987 quam
1453 2903 1633 2967 nota
1688 2901 1820 2965 est.
1910 2890 2160 2965 infans
2216 2890 2412 2964 farre
2451 2901 2855 2984 contectuS,

687 3024 772 3088 ut
827 3014 1154 3110 decipiat
1221 3015 1582 3103 incautos,
1661 3014 2067 3108 adponitur
2132 3014 2202 3086 ei
2257 3013 2397 3106 qui
2459 3014 2683 3085 sacris
2749 3014 2861 3085 in·
2888 3039 2942 3081 20

689 3138 981 3209 buatur.
1074 3137 1136 3207 is
1172 3133 1420 3207 infans
1457 3159 1501 3205 a
1537 3133 1917 3208 tirunculo
1954 3131 2171 3206 farris
2218 3135 2612 3228 superficie
2650 3135 2864 3226 quasi

689 3256 785 3328 ad
819 3257 1168 3329 innoxios
1221 3257 1411 3329 ictus
1447 3264 1860 3350 prouocato
1904 3255 2143 3327 caecis
2198 3254 2663 3349 occultisque
2696 3255 2866 3327 uul-

687 3377 994 3450 neribus
1032 3377 1415 3449 occiditur.
1509 3376 1735 3449 huius
1791 3372 1952 3469 (pro
1987 3372 2258 3468 nefasl)
2324 3374 2662 3448 sitienter
2697 3401 2866 3447 san-

690 3497 996 3592 guinem
1022 3497 1386 3585 lambunt,
1409 3496 1632 3568 huius
1663 3495 2002 3568 certatim
2031 3497 2365 3568 membra
2393 3495 2860 3590 dispertiunt,

689 3617 833 3688 hac
887 3614 1366 3689 foederantur
1418 3616 1683 3704 hostia,
1742 3615 1885 3687 hac
1924 3616 2382 3688 conscientia
2416 3615 2717 3688 sceleris
2771 3615 2865 3687 ad
2893 3641 2945 3684 25

689 3737 1073 3809 silentium
1100 3745 1442 3808 mutuum
1461 3736 1971 3832 pignerantur.
2030 3761 2204 3809 ecce
2233 3761 2442 3809 sacra
2460 3736 2867 3832 sacrilegiis

826 3977 862 4036 3
910 3977 1032 4036 iam
1074 3992 1212 4036 nos:
1259 3975 1440 4035 etiam
1470 3979 1518 4036 P
1560 3974 1584 4055 ΙΙ
1627 3977 1663 4033 7
1711 3977 1970 4035 maxime
2000 3978 2224 4036 nefaria
2268 3977 2338 4036 P.
2374 3976 2693 4035 Danielus:
2741 3997 2867 4035 ma-

692 4065 854 4123 xima
893 4072 954 4124 et
995 4065 1162 4123 uaria
1200 4065 1248 4122 P
1281 4060 1305 4140 ΙΙ
1336 4064 1689 4140 praefandas
1732 4065 1799 4137 P,
1848 4063 1950 4122 sed
1992 4083 2021 4124 s
2064 4081 2238 4122 crasa
2278 4060 2303 4142 ΙΙ
2350 4064 2388 4122 9
2434 4063 2724 4122 uidelicet
2772 4084 2867 4122 ca-

693 4159 805 4230 put
845 4169 959 4210 ‘nos
986 4150 1358 4210 inseruimus
1396 4146 1421 4229 ΙΙ
1465 4152 1541 4210 11
1591 4149 1832 4209 antistis
1877 4152 1925 4209 P
1966 4146 1991 4228 Η
2035 4150 2114 4210 16
2160 4151 2463 4209 fabulatur
2491 4166 2547 4208 r:
2595 4151 2869 4208 fabulan-

692 4247 794 4297 tur
836 4240 885 4295 P
929 4234 953 4317 ΙΙ
997 4237 1077 4297 26
1126 4257 1262 4296 ecce
1306 4235 1618 4297 Halmius:
1669 4238 1814 4296 haec
1858 4238 1906 4295 P
1940 4233 1963 4316 ΙΙ
