<?xml version="1.0" encoding="UTF-8"?>
<!DOCTYPE html PUBLIC "-//W3C//DTD XHTML 1.0 Transitional//EN"
    "http://www.w3.org/TR/xhtml1/DTD/xhtml1-transitional.dtd">
<html xmlns="http://www.w3.org/1999/xhtml" xml:lang="en" lang="en">
 <head>
  <title>
</title>
<meta http-equiv="Content-Type" content="text/html;charset=utf-8" />
  <meta name='ocr-system' content='tesseract 3.04.00' />
  <meta name='ocr-capabilities' content='ocr_page ocr_carea ocr_par ocr_line ocrx_word'/>
</head>
<body>
  <div class='ocr_page' id='page_1' title='image "./mminuciifelicis00schgoog_0056.png"; bbox 0 0 3309 5192; ppageno 0'>
   <div class='ocr_carea' id='block_1_1' title="bbox 1549 497 1997 628">
    <p class='ocr_par' dir='ltr' id='par_1_1' title="bbox 1549 497 1997 628">
     <span class='ocr_line' id='line_1_1' title="bbox 1549 497 1997 628; baseline 0 -1"><span class='ocrx_word' id='word_1_1' title='bbox 1549 497 1997 628; x_wconf 46' lang='lat'>442-</span> 
     </span>
    </p>
   </div>
   <div class='ocr_carea' id='block_1_2' title="bbox 634 763 2973 3634">
    <p class='ocr_par' dir='ltr' id='par_1_2' title="bbox 634 763 2961 1460">
     <span class='ocr_line' id='line_1_2' title="bbox 703 763 2883 860; baseline -0.002 -22"><span class='ocrx_word' id='word_1_2' title='bbox 703 765 1124 838; x_wconf 86' lang='lat' dir='ltr'>Homerum</span> <span class='ocrx_word' id='word_1_3' title='bbox 1159 764 1526 860; x_wconf 88' lang='lat' dir='ltr'>inclytum</span> <span class='ocrx_word' id='word_1_4' title='bbox 1558 763 1948 835; x_wconf 89' lang='lat' dir='ltr'>laudatum</span> <span class='ocrx_word' id='word_1_5' title='bbox 1986 772 2060 836; x_wconf 90' lang='lat' dir='ltr'>et</span> <span class='ocrx_word' id='word_1_6' title='bbox 2098 770 2536 836; x_wconf 90' lang='lat' dir='ltr'>coronatum</span> <span class='ocrx_word' id='word_1_7' title='bbox 2574 764 2665 834; x_wconf 91' lang='lat' dir='ltr'>de</span> <span class='ocrx_word' id='word_1_8' title='bbox 2697 763 2883 834; x_wconf 90' lang='lat' dir='ltr'>ciui-</span> 
     </span>
     <span class='ocr_line' id='line_1_3' title="bbox 703 882 2876 981; baseline -0.003 -21"><span class='ocrx_word' id='word_1_9' title='bbox 703 896 856 960; x_wconf 84' lang='lat' dir='ltr'>tate</span> <span class='ocrx_word' id='word_1_10' title='bbox 925 886 1314 981; x_wconf 84' lang='lat' dir='ltr'>praeclara</span> <span class='ocrx_word' id='word_1_11' title='bbox 1374 884 1528 976; x_wconf 91' lang='lat' dir='ltr'>illa,</span> <span class='ocrx_word' id='word_1_12' title='bbox 1599 908 1828 977; x_wconf 90' lang='lat' dir='ltr'>quam</span> <span class='ocrx_word' id='word_1_13' title='bbox 1879 885 1958 954; x_wconf 91' lang='lat' dir='ltr'>in</span> <span class='ocrx_word' id='word_1_14' title='bbox 2022 907 2362 957; x_wconf 89' lang='lat' dir='ltr'>sermone</span> <span class='ocrx_word' id='word_1_15' title='bbox 2416 882 2876 972; x_wconf 90' lang='lat' dir='ltr'>instituebat,</span> 
     </span>
     <span class='ocr_line' id='line_1_4' title="bbox 634 1003 2883 1100; baseline -0.004 -18"><span class='ocrx_word' id='word_1_16' title='bbox 634 1027 670 1082; x_wconf 84' lang='lat'><strong>3</strong></span> <span class='ocrx_word' id='word_1_17' title='bbox 708 1009 948 1080; x_wconf 89' lang='lat' dir='ltr'>eiecit.</span> <span class='ocrx_word' id='word_1_18' title='bbox 1037 1007 1164 1080; x_wconf 89' lang='lat' dir='ltr'>hic</span> <span class='ocrx_word' id='word_1_19' title='bbox 1217 1007 1419 1080; x_wconf 90' lang='lat' dir='ltr'>enim</span> <span class='ocrx_word' id='word_1_20' title='bbox 1470 1007 1924 1100; x_wconf 88' lang='lat' dir='ltr'>praecipuus</span> <span class='ocrx_word' id='word_1_21' title='bbox 1975 1003 2179 1077; x_wconf 92' lang='lat' dir='ltr'>bello</span> <span class='ocrx_word' id='word_1_22' title='bbox 2216 1004 2481 1083; x_wconf 82' lang='lat' dir='ltr'>Troico</span> <span class='ocrx_word' id='word_1_23' title='bbox 2530 1005 2705 1076; x_wconf 89' lang='lat' dir='ltr'>deos</span> <span class='ocrx_word' id='word_1_24' title='bbox 2748 1027 2883 1074; x_wconf 86' lang='lat' dir='ltr'>ue·-</span> 
     </span>
     <span class='ocr_line' id='line_1_5' title="bbox 705 1123 2881 1220; baseline -0.003 -19"><span class='ocrx_word' id='word_1_25' title='bbox 705 1138 914 1220; x_wconf 77' lang='lat' dir='ltr'>strOS,</span> <span class='ocrx_word' id='word_1_26' title='bbox 982 1128 1122 1201; x_wconf 87' lang='lat' dir='ltr'>etsi</span> <span class='ocrx_word' id='word_1_27' title='bbox 1183 1126 1577 1200; x_wconf 88' lang='lat' dir='ltr'>caelicolas</span> <span class='ocrx_word' id='word_1_28' title='bbox 1630 1124 1833 1216; x_wconf 89' lang='lat' dir='ltr'>facit,</span> <span class='ocrx_word' id='word_1_29' title='bbox 1901 1135 2155 1198; x_wconf 87' lang='lat' dir='ltr'>tamen</span> <span class='ocrx_word' id='word_1_30' title='bbox 2214 1123 2608 1196; x_wconf 89' lang='lat' dir='ltr'>hominum</span> <span class='ocrx_word' id='word_1_31' title='bbox 2660 1126 2881 1196; x_wconf 85' lang='lat' dir='ltr'>rebus</span> 
     </span>
     <span class='ocr_line' id='line_1_6' title="bbox 707 1245 2961 1339; baseline -0.001 -18"><span class='ocrx_word' id='word_1_32' title='bbox 707 1258 781 1322; x_wconf 92' lang='lat' dir='ltr'>et</span> <span class='ocrx_word' id='word_1_33' title='bbox 816 1249 1104 1322; x_wconf 93' lang='lat' dir='ltr'>actibus</span> <span class='ocrx_word' id='word_1_34' title='bbox 1139 1249 1458 1336; x_wconf 85' lang='lat' dir='ltr'>miscuit,</span> <span class='ocrx_word' id='word_1_35' title='bbox 1515 1247 1642 1318; x_wconf 92' lang='lat' dir='ltr'>hic</span> <span class='ocrx_word' id='word_1_36' title='bbox 1680 1270 1940 1318; x_wconf 91' lang='lat' dir='ltr'>eorum</span> <span class='ocrx_word' id='word_1_37' title='bbox 1975 1246 2186 1339; x_wconf 88' lang='lat' dir='ltr'>paria</span> <span class='ocrx_word' id='word_1_38' title='bbox 2223 1245 2661 1338; x_wconf 83' lang='lat' dir='ltr'>composuit,</span> <span class='ocrx_word' id='word_1_39' title='bbox 2720 1269 2883 1316; x_wconf 88' lang='lat' dir='ltr'>sau·</span> <span class='ocrx_word' id='word_1_40' title='bbox 2912 1279 2961 1324; x_wconf 65' lang='lat'>5,</span> 
     </span>
     <span class='ocr_line' id='line_1_7' title="bbox 707 1362 2882 1460; baseline -0.003 -19"><span class='ocrx_word' id='word_1_41' title='bbox 707 1370 936 1442; x_wconf 89' lang='lat' dir='ltr'>ciauit</span> <span class='ocrx_word' id='word_1_42' title='bbox 983 1368 1381 1458; x_wconf 85' lang='lat' dir='ltr'>Venerem,</span> <span class='ocrx_word' id='word_1_43' title='bbox 1438 1367 1768 1439; x_wconf 87' lang='lat' dir='ltr'>Martem</span> <span class='ocrx_word' id='word_1_44' title='bbox 1801 1367 2049 1438; x_wconf 86' lang='lat' dir='ltr'>uinxit</span> <span class='ocrx_word' id='word_1_45' title='bbox 2092 1366 2524 1437; x_wconf 89' lang='lat' dir='ltr'>uulnerauit</span> <span class='ocrx_word' id='word_1_46' title='bbox 2567 1362 2882 1460; x_wconf 83' lang='lat' dir='ltr'>fugauit.</span> 
     </span>
    </p>

    <p class='ocr_par' dir='ltr' id='par_1_3' title="bbox 635 1486 2970 1944">
     <span class='ocr_line' id='line_1_8' title="bbox 635 1486 2885 1578; baseline -0.002 -18"><span class='ocrx_word' id='word_1_47' title='bbox 635 1501 670 1554; x_wconf 84' lang='lat'>4</span> <span class='ocrx_word' id='word_1_48' title='bbox 707 1489 970 1562; x_wconf 90' lang='lat' dir='ltr'>Iouem</span> <span class='ocrx_word' id='word_1_49' title='bbox 1023 1497 1275 1561; x_wconf 89' lang='lat' dir='ltr'>narrat</span> <span class='ocrx_word' id='word_1_50' title='bbox 1326 1488 1636 1560; x_wconf 80' lang='lat' dir='ltr'>Briareo</span> <span class='ocrx_word' id='word_1_51' title='bbox 1688 1488 2110 1578; x_wconf 88' lang='lat' dir='ltr'>liberatum,</span> <span class='ocrx_word' id='word_1_52' title='bbox 2176 1510 2272 1558; x_wconf 92' lang='lat' dir='ltr'>ne</span> <span class='ocrx_word' id='word_1_53' title='bbox 2328 1510 2374 1557; x_wconf 92' lang='lat' dir='ltr'>a</span> <span class='ocrx_word' id='word_1_54' title='bbox 2427 1486 2566 1557; x_wconf 90' lang='lat' dir='ltr'>diis</span> <span class='ocrx_word' id='word_1_55' title='bbox 2622 1487 2885 1557; x_wconf 85' lang='lat' dir='ltr'>ceteris</span> 
     </span>
     <span class='ocr_line' id='line_1_9' title="bbox 705 1607 2887 1706; baseline -0.002 -25"><span class='ocrx_word' id='word_1_56' title='bbox 705 1610 1083 1706; x_wconf 84' lang='lat' dir='ltr'>ligaretur,</span> <span class='ocrx_word' id='word_1_57' title='bbox 1127 1618 1201 1682; x_wconf 92' lang='lat' dir='ltr'>et</span> <span class='ocrx_word' id='word_1_58' title='bbox 1237 1608 1749 1703; x_wconf 81' lang='lat' dir='ltr'>Sarpedonem</span> <span class='ocrx_word' id='word_1_59' title='bbox 1781 1607 2045 1697; x_wconf 89' lang='lat' dir='ltr'>filium,</span> <span class='ocrx_word' id='word_1_60' title='bbox 2087 1607 2443 1700; x_wconf 91' lang='lat' dir='ltr'>quoniam</span> <span class='ocrx_word' id='word_1_61' title='bbox 2476 1607 2700 1678; x_wconf 89' lang='lat' dir='ltr'>morti</span> <span class='ocrx_word' id='word_1_62' title='bbox 2732 1630 2887 1677; x_wconf 92' lang='lat' dir='ltr'>non</span> 
     </span>
     <span class='ocr_line' id='line_1_10' title="bbox 707 1724 2885 1825; baseline -0.002 -22"><span class='ocrx_word' id='word_1_63' title='bbox 707 1738 1004 1825; x_wconf 87' lang='lat' dir='ltr'>poterat</span> <span class='ocrx_word' id='word_1_64' title='bbox 1056 1731 1368 1824; x_wconf 89' lang='lat' dir='ltr'>eripere,</span> <span class='ocrx_word' id='word_1_65' title='bbox 1442 1729 1768 1801; x_wconf 85' lang='lat' dir='ltr'>cruentis</span> <span class='ocrx_word' id='word_1_66' title='bbox 1830 1728 2192 1804; x_wconf 80' lang='lat' dir='ltr'>imbribus</span> <span class='ocrx_word' id='word_1_67' title='bbox 2246 1727 2539 1800; x_wconf 89' lang='lat' dir='ltr'>fleuisse</span> <span class='ocrx_word' id='word_1_68' title='bbox 2597 1737 2673 1799; x_wconf 90' lang='lat' dir='ltr'>et</span> <span class='ocrx_word' id='word_1_69' title='bbox 2722 1724 2885 1798; x_wconf 88' lang='lat' dir='ltr'>loro</span> 
     </span>
     <span class='ocr_line' id='line_1_11' title="bbox 708 1845 2970 1944; baseline 0 -23"><span class='ocrx_word' id='word_1_70' title='bbox 708 1851 1028 1924; x_wconf 85' lang='lat' dir='ltr'>Veneris</span> <span class='ocrx_word' id='word_1_71' title='bbox 1109 1850 1472 1923; x_wconf 89' lang='lat' dir='ltr'>inlectum</span> <span class='ocrx_word' id='word_1_72' title='bbox 1541 1849 1978 1944; x_wconf 89' lang='lat' dir='ltr'>flagrantius</span> <span class='ocrx_word' id='word_1_73' title='bbox 2053 1872 2279 1942; x_wconf 92' lang='lat' dir='ltr'>quam</span> <span class='ocrx_word' id='word_1_74' title='bbox 2356 1849 2438 1919; x_wconf 92' lang='lat' dir='ltr'>in</span> <span class='ocrx_word' id='word_1_75' title='bbox 2514 1845 2886 1920; x_wconf 84' lang='lat' dir='ltr'>adulteras</span> <span class='ocrx_word' id='word_1_76' title='bbox 2916 1880 2970 1922; x_wconf 74' lang='grc' dir='ltr'>ιο</span> 
     </span>
    </p>

    <p class='ocr_par' dir='ltr' id='par_1_4' title="bbox 638 1969 2889 2423">
     <span class='ocr_line' id='line_1_12' title="bbox 638 1969 2887 2062; baseline -0.003 -18"><span class='ocrx_word' id='word_1_77' title='bbox 638 1991 673 2044; x_wconf 83' lang='lat'><strong>5</strong></span> <span class='ocrx_word' id='word_1_78' title='bbox 710 1971 946 2044; x_wconf 82' lang='lat' dir='ltr'>soleat</span> <span class='ocrx_word' id='word_1_79' title='bbox 1000 1996 1173 2043; x_wconf 90' lang='lat' dir='ltr'>cum</span> <span class='ocrx_word' id='word_1_80' title='bbox 1225 1971 1518 2042; x_wconf 90' lang='lat' dir='ltr'>Iunone</span> <span class='ocrx_word' id='word_1_81' title='bbox 1563 1993 1800 2041; x_wconf 85' lang='lat' dir='ltr'>uxore</span> <span class='ocrx_word' id='word_1_82' title='bbox 1856 1971 2377 2043; x_wconf 85' lang='lat' dir='ltr'>concumbere.</span> <span class='ocrx_word' id='word_1_83' title='bbox 2446 1969 2537 2040; x_wconf 93' lang='lat' dir='ltr'>de</span> <span class='ocrx_word' id='word_1_84' title='bbox 2575 1970 2887 2062; x_wconf 84' lang='lat' dir='ltr'>Augeae</span> 
     </span>
     <span class='ocr_line' id='line_1_13' title="bbox 707 2087 2887 2188; baseline -0.003 -24"><span class='ocrx_word' id='word_1_85' title='bbox 707 2093 904 2188; x_wconf 89' lang='lat' dir='ltr'>regis</span> <span class='ocrx_word' id='word_1_86' title='bbox 956 2091 1334 2164; x_wconf 89' lang='lat' dir='ltr'>bouilibus</span> <span class='ocrx_word' id='word_1_87' title='bbox 1387 2089 1759 2162; x_wconf 83' lang='lat' dir='ltr'>Hercules</span> <span class='ocrx_word' id='word_1_88' title='bbox 1814 2097 2141 2163; x_wconf 80' lang='lat' dir='ltr'>stercora</span> <span class='ocrx_word' id='word_1_89' title='bbox 2194 2089 2430 2184; x_wconf 90' lang='lat' dir='ltr'>egerit</span> <span class='ocrx_word' id='word_1_90' title='bbox 2484 2096 2559 2160; x_wconf 95' lang='lat' dir='ltr'>et</span> <span class='ocrx_word' id='word_1_91' title='bbox 2604 2087 2887 2181; x_wconf 87' lang='lat' dir='ltr'>Apollo</span> 
     </span>
     <span class='ocr_line' id='line_1_14' title="bbox 708 2207 2888 2306; baseline -0.002 -22"><span class='ocrx_word' id='word_1_92' title='bbox 708 2213 1033 2296; x_wconf 86' lang='lat' dir='ltr'>Admeto</span> <span class='ocrx_word' id='word_1_93' title='bbox 1071 2237 1302 2306; x_wconf 88' lang='lat' dir='ltr'>pecus</span> <span class='ocrx_word' id='word_1_94' title='bbox 1337 2212 1597 2304; x_wconf 87' lang='lat' dir='ltr'>pascit.</span> <span class='ocrx_word' id='word_1_95' title='bbox 1672 2210 2166 2282; x_wconf 88' lang='lat' dir='ltr'>Laomedonti</span> <span class='ocrx_word' id='word_1_96' title='bbox 2201 2232 2383 2281; x_wconf 91' lang='lat' dir='ltr'>uero</span> <span class='ocrx_word' id='word_1_97' title='bbox 2410 2233 2661 2281; x_wconf 88' lang='lat' dir='ltr'>muros</span> <span class='ocrx_word' id='word_1_98' title='bbox 2681 2207 2888 2302; x_wconf 91' lang='lat' dir='ltr'>Nep-</span> 
     </span>
     <span class='ocr_line' id='line_1_15' title="bbox 710 2325 2889 2423; baseline -0.003 -17"><span class='ocrx_word' id='word_1_99' title='bbox 710 2343 934 2407; x_wconf 88' lang='lat' dir='ltr'>tunus</span> <span class='ocrx_word' id='word_1_100' title='bbox 986 2333 1331 2422; x_wconf 86' lang='lat' dir='ltr'>instituit,</span> <span class='ocrx_word' id='word_1_101' title='bbox 1389 2356 1532 2403; x_wconf 88' lang='lat' dir='ltr'>nec</span> <span class='ocrx_word' id='word_1_102' title='bbox 1586 2333 2012 2403; x_wconf 89' lang='lat' dir='ltr'>mercedem</span> <span class='ocrx_word' id='word_1_103' title='bbox 2056 2330 2303 2423; x_wconf 91' lang='lat' dir='ltr'>operis</span> <span class='ocrx_word' id='word_1_104' title='bbox 2347 2325 2621 2400; x_wconf 83' lang='lat' dir='ltr'>infelix</span> <span class='ocrx_word' id='word_1_105' title='bbox 2656 2338 2889 2402; x_wconf 89' lang='lat' dir='ltr'>struc-</span> 
     </span>
    </p>

    <p class='ocr_par' dir='ltr' id='par_1_5' title="bbox 641 2448 2970 2912">
     <span class='ocr_line' id='line_1_16' title="bbox 641 2448 2970 2548; baseline -0.001 -22"><span class='ocrx_word' id='word_1_106' title='bbox 641 2473 678 2526; x_wconf 87' lang='lat'>6</span> <span class='ocrx_word' id='word_1_107' title='bbox 711 2463 828 2527; x_wconf 88' lang='lat' dir='ltr'>tor</span> <span class='ocrx_word' id='word_1_108' title='bbox 864 2455 1160 2548; x_wconf 89' lang='lat' dir='ltr'>accipit.</span> <span class='ocrx_word' id='word_1_109' title='bbox 1253 2453 1450 2525; x_wconf 86' lang='lat' dir='ltr'>Elici</span> <span class='ocrx_word' id='word_1_110' title='bbox 1485 2452 1689 2524; x_wconf 88' lang='lat' dir='ltr'>Iouis</span> <span class='ocrx_word' id='word_1_111' title='bbox 1740 2448 2030 2523; x_wconf 85' lang='lat' dir='ltr'>fulmen</span> <span class='ocrx_word' id='word_1_112' title='bbox 2066 2451 2389 2523; x_wconf 92' lang='lat' dir='ltr'>Aetnaei</span> <span class='ocrx_word' id='word_1_113' title='bbox 2426 2449 2621 2523; x_wconf 89' lang='lat' dir='ltr'>antri</span> <span class='ocrx_word' id='word_1_114' title='bbox 2656 2451 2737 2520; x_wconf 91' lang='lat' dir='ltr'>in</span> <span class='ocrx_word' id='word_1_115' title='bbox 2771 2451 2970 2524; x_wconf 79' lang='lat' dir='ltr'>ill-15</span> 
     </span>
     <span class='ocr_line' id='line_1_17' title="bbox 713 2567 2891 2666; baseline -0.003 -20"><span class='ocrx_word' id='word_1_116' title='bbox 713 2575 904 2647; x_wconf 92' lang='lat' dir='ltr'>cude</span> <span class='ocrx_word' id='word_1_117' title='bbox 951 2571 1381 2663; x_wconf 84' lang='lat' dir='ltr'>fabricatur,</span> <span class='ocrx_word' id='word_1_118' title='bbox 1441 2597 1612 2645; x_wconf 90' lang='lat' dir='ltr'>cum</span> <span class='ocrx_word' id='word_1_119' title='bbox 1660 2570 1954 2643; x_wconf 86' lang='lat' dir='ltr'>caelum</span> <span class='ocrx_word' id='word_1_120' title='bbox 1991 2581 2067 2643; x_wconf 88' lang='lat' dir='ltr'>et</span> <span class='ocrx_word' id='word_1_121' title='bbox 2111 2569 2431 2642; x_wconf 88' lang='lat' dir='ltr'>fulmina</span> <span class='ocrx_word' id='word_1_122' title='bbox 2468 2578 2542 2643; x_wconf 91' lang='lat' dir='ltr'>et</span> <span class='ocrx_word' id='word_1_123' title='bbox 2588 2567 2891 2666; x_wconf 85' lang='lat' dir='ltr'>fulgura</span> 
     </span>
     <span class='ocr_line' id='line_1_18' title="bbox 712 2689 2893 2791; baseline -0.002 -26"><span class='ocrx_word' id='word_1_124' title='bbox 712 2695 938 2791; x_wconf 93' lang='lat' dir='ltr'>longe</span> <span class='ocrx_word' id='word_1_125' title='bbox 1000 2702 1172 2766; x_wconf 89' lang='lat' dir='ltr'>ante</span> <span class='ocrx_word' id='word_1_126' title='bbox 1243 2691 1546 2783; x_wconf 85' lang='lat' dir='ltr'>fuerint,</span> <span class='ocrx_word' id='word_1_127' title='bbox 1625 2717 1851 2787; x_wconf 90' lang='lat' dir='ltr'>quam</span> <span class='ocrx_word' id='word_1_128' title='bbox 1913 2692 2259 2786; x_wconf 86' lang='lat' dir='ltr'>Iuppiter</span> <span class='ocrx_word' id='word_1_129' title='bbox 2326 2692 2407 2763; x_wconf 91' lang='lat' dir='ltr'>in</span> <span class='ocrx_word' id='word_1_130' title='bbox 2467 2689 2689 2762; x_wconf 89' lang='lat' dir='ltr'>Creta</span> <span class='ocrx_word' id='word_1_131' title='bbox 2757 2714 2893 2761; x_wconf 90' lang='lat' dir='ltr'>na-</span> 
     </span>
     <span class='ocr_line' id='line_1_19' title="bbox 715 2810 2895 2912; baseline -0.002 -27"><span class='ocrx_word' id='word_1_132' title='bbox 715 2822 1064 2904; x_wconf 88' lang='lat' dir='ltr'>sceretur,</span> <span class='ocrx_word' id='word_1_133' title='bbox 1125 2823 1199 2886; x_wconf 92' lang='lat' dir='ltr'>et</span> <span class='ocrx_word' id='word_1_134' title='bbox 1248 2814 1583 2885; x_wconf 88' lang='lat' dir='ltr'>flammas</span> <span class='ocrx_word' id='word_1_135' title='bbox 1613 2814 1793 2912; x_wconf 25' lang='lat' dir='ltr'>&#39;ueri</span> <span class='ocrx_word' id='word_1_136' title='bbox 1836 2810 2173 2885; x_wconf 88' lang='lat' dir='ltr'>fulminis</span> <span class='ocrx_word' id='word_1_137' title='bbox 2209 2835 2350 2884; x_wconf 92' lang='lat' dir='ltr'>nec</span> <span class='ocrx_word' id='word_1_138' title='bbox 2390 2810 2711 2905; x_wconf 85' lang='lat' dir='ltr'>Cyclops</span> <span class='ocrx_word' id='word_1_139' title='bbox 2755 2833 2895 2904; x_wconf 91' lang='lat' dir='ltr'>po-</span> 
     </span>
    </p>

    <p class='ocr_par' dir='ltr' id='par_1_6' title="bbox 647 2930 2973 3392">
     <span class='ocr_line' id='line_1_20' title="bbox 647 2930 2893 3029; baseline -0.004 -20"><span class='ocrx_word' id='word_1_140' title='bbox 647 2955 680 3009; x_wconf 83' lang='lat'>7</span> <span class='ocrx_word' id='word_1_141' title='bbox 709 2935 944 3007; x_wconf 90' lang='lat' dir='ltr'>tuerit</span> <span class='ocrx_word' id='word_1_142' title='bbox 1008 2935 1284 3007; x_wconf 88' lang='lat' dir='ltr'>imitari</span> <span class='ocrx_word' id='word_1_143' title='bbox 1335 2958 1476 3006; x_wconf 92' lang='lat' dir='ltr'>nec</span> <span class='ocrx_word' id='word_1_144' title='bbox 1527 2935 1690 3028; x_wconf 92' lang='lat' dir='ltr'>ipse</span> <span class='ocrx_word' id='word_1_145' title='bbox 1744 2933 2089 3029; x_wconf 89' lang='lat' dir='ltr'>Iuppiter</span> <span class='ocrx_word' id='word_1_146' title='bbox 2140 2956 2293 3004; x_wconf 91' lang='lat' dir='ltr'>non</span> <span class='ocrx_word' id='word_1_147' title='bbox 2347 2932 2617 3003; x_wconf 91' lang='lat' dir='ltr'>uereri.</span> <span class='ocrx_word' id='word_1_148' title='bbox 2711 2930 2893 3023; x_wconf 90' lang='lat' dir='ltr'>quid</span> 
     </span>
     <span class='ocr_line' id='line_1_21' title="bbox 715 3052 2973 3148; baseline 0.001 -22"><span class='ocrx_word' id='word_1_149' title='bbox 715 3056 982 3148; x_wconf 89' lang='lat' dir='ltr'>loquar</span> <span class='ocrx_word' id='word_1_150' title='bbox 1026 3055 1294 3127; x_wconf 87' lang='lat' dir='ltr'>Martis</span> <span class='ocrx_word' id='word_1_151' title='bbox 1350 3064 1425 3127; x_wconf 92' lang='lat' dir='ltr'>et</span> <span class='ocrx_word' id='word_1_152' title='bbox 1467 3055 1786 3127; x_wconf 88' lang='lat' dir='ltr'>Veneris</span> <span class='ocrx_word' id='word_1_153' title='bbox 1841 3053 2294 3126; x_wconf 87' lang='lat' dir='ltr'>adulterium</span> <span class='ocrx_word' id='word_1_154' title='bbox 2342 3052 2894 3144; x_wconf 90' lang='lat' dir='ltr'>deprehensum</span> <span class='ocrx_word' id='word_1_155' title='bbox 2919 3086 2973 3128; x_wconf 79' lang='lat'>20</span> 
     </span>
     <span class='ocr_line' id='line_1_22' title="bbox 718 3173 2891 3272; baseline -0.003 -23"><span class='ocrx_word' id='word_1_156' title='bbox 718 3185 792 3249; x_wconf 94' lang='lat' dir='ltr'>et</span> <span class='ocrx_word' id='word_1_157' title='bbox 826 3177 905 3248; x_wconf 92' lang='lat' dir='ltr'>in</span> <span class='ocrx_word' id='word_1_158' title='bbox 937 3175 1432 3272; x_wconf 86' lang='lat' dir='ltr'>Ganymeden</span> <span class='ocrx_word' id='word_1_159' title='bbox 1471 3175 1677 3248; x_wconf 92' lang='lat' dir='ltr'>Iouis</span> <span class='ocrx_word' id='word_1_160' title='bbox 1718 3185 2059 3270; x_wconf 88' lang='lat' dir='ltr'>stuprum</span> <span class='ocrx_word' id='word_1_161' title='bbox 2088 3173 2295 3246; x_wconf 88' lang='lat' dir='ltr'>caelo</span> <span class='ocrx_word' id='word_1_162' title='bbox 2326 3175 2891 3245; x_wconf 74' lang='lat' dir='ltr'>consecratum?</span> 
     </span>
     <span class='ocr_line' id='line_1_23' title="bbox 719 3293 2895 3392; baseline -0.004 -22"><span class='ocrx_word' id='word_1_163' title='bbox 719 3322 910 3392; x_wconf 90' lang='lat' dir='ltr'>quae</span> <span class='ocrx_word' id='word_1_164' title='bbox 967 3298 1218 3368; x_wconf 90' lang='lat' dir='ltr'>omnia</span> <span class='ocrx_word' id='word_1_165' title='bbox 1269 3298 1350 3368; x_wconf 92' lang='lat' dir='ltr'>in</span> <span class='ocrx_word' id='word_1_166' title='bbox 1385 3297 1533 3368; x_wconf 89' lang='lat' dir='ltr'>hoc</span> <span class='ocrx_word' id='word_1_167' title='bbox 1582 3296 1899 3391; x_wconf 88' lang='lat' dir='ltr'>prodita,</span> <span class='ocrx_word' id='word_1_168' title='bbox 1957 3303 2043 3366; x_wconf 93' lang='lat' dir='ltr'>ut</span> <span class='ocrx_word' id='word_1_169' title='bbox 2095 3294 2449 3385; x_wconf 88' lang='lat' dir='ltr'>nequitiis</span> <span class='ocrx_word' id='word_1_170' title='bbox 2502 3293 2895 3364; x_wconf 91' lang='lat' dir='ltr'>hominum</span> 
     </span>
    </p>

    <p class='ocr_par' dir='ltr' id='par_1_7' title="bbox 647 3409 2899 3634">
     <span class='ocr_line' id='line_1_24' title="bbox 647 3409 2897 3512; baseline -0.004 -20"><span class='ocrx_word' id='word_1_171' title='bbox 647 3437 684 3492; x_wconf 88' lang='lat'>8</span> <span class='ocrx_word' id='word_1_172' title='bbox 722 3420 1092 3512; x_wconf 88' lang='lat' dir='ltr'>quaedam</span> <span class='ocrx_word' id='word_1_173' title='bbox 1129 3418 1530 3489; x_wconf 87' lang='lat' dir='ltr'>auctoritas</span> <span class='ocrx_word' id='word_1_174' title='bbox 1557 3424 1969 3511; x_wconf 86' lang='lat' dir='ltr'>pararetur.</span> <span class='ocrx_word' id='word_1_175' title='bbox 2052 3412 2169 3485; x_wconf 89' lang='lat' dir='ltr'>his</span> <span class='ocrx_word' id='word_1_176' title='bbox 2207 3422 2433 3507; x_wconf 88' lang='lat' dir='ltr'>atque</span> <span class='ocrx_word' id='word_1_177' title='bbox 2470 3409 2897 3484; x_wconf 90' lang='lat' dir='ltr'>huiusmodi</span> 
     </span>
     <span class='ocr_line' id='line_1_25' title="bbox 719 3535 2899 3634; baseline -0.003 -24"><span class='ocrx_word' id='word_1_178' title='bbox 719 3539 1094 3634; x_wconf 90' lang='lat' dir='ltr'>figmentis</span> <span class='ocrx_word' id='word_1_179' title='bbox 1167 3546 1244 3609; x_wconf 90' lang='lat' dir='ltr'>et</span> <span class='ocrx_word' id='word_1_180' title='bbox 1313 3538 1721 3609; x_wconf 88' lang='lat' dir='ltr'>mendaciis</span> <span class='ocrx_word' id='word_1_181' title='bbox 1794 3535 2251 3607; x_wconf 86' lang='lat' dir='ltr'>dulcioribus</span> <span class='ocrx_word' id='word_1_182' title='bbox 2319 3543 2899 3627; x_wconf 84' lang='lat' dir='ltr'>corrumpuntur</span> 
     </span>
    </p>
   </div>
   <div class='ocr_carea' id='block_1_3' title="bbox 719 3748 2907 4361">
    <p class='ocr_par' dir='ltr' id='par_1_8' title="bbox 719 3748 2907 4361">
     <span class='ocr_line' id='line_1_26' title="bbox 877 3748 2903 3836; baseline -0.004 -15"><span class='ocrx_word' id='word_1_183' title='bbox 877 3766 910 3821; x_wconf 88' lang='lat'>1</span> <span class='ocrx_word' id='word_1_184' title='bbox 959 3762 1291 3821; x_wconf 86' lang='lat' dir='ltr'>Homerum</span> <span class='ocrx_word' id='word_1_185' title='bbox 1333 3777 1472 3820; x_wconf 77' lang='lat' dir='ltr'>nos:</span> <span class='ocrx_word' id='word_1_186' title='bbox 1528 3760 1830 3836; x_wconf 84' lang='lat' dir='ltr'>praeclare</span> <span class='ocrx_word' id='word_1_187' title='bbox 1874 3763 2213 3818; x_wconf 89' lang='lat' dir='ltr'>Homerum</span> <span class='ocrx_word' id='word_1_188' title='bbox 2257 3757 2436 3816; x_wconf 89' lang='lat' dir='ltr'>illum</span> <span class='ocrx_word' id='word_1_189' title='bbox 2480 3757 2529 3814; x_wconf 92' lang='lat' dir='ltr'>P</span> <span class='ocrx_word' id='word_1_190' title='bbox 2575 3755 2648 3831; x_wconf 86' lang='lat' dir='ltr'>cf.</span> <span class='ocrx_word' id='word_1_191' title='bbox 2688 3774 2747 3813; x_wconf 84' lang='lat' dir='ltr'>u.</span> <span class='ocrx_word' id='word_1_192' title='bbox 2801 3756 2836 3813; x_wconf 82' lang='lat'><strong>2</strong></span> <span class='ocrx_word' id='word_1_193' title='bbox 2882 3748 2903 3836; x_wconf 72' lang='grc' dir='ltr'>Η</span> 
     </span>
     <span class='ocr_line' id='line_1_27' title="bbox 723 3842 2898 3926; baseline -0.004 -18"><span class='ocrx_word' id='word_1_194' title='bbox 723 3852 761 3908; x_wconf 82' lang='lat'>2</span> <span class='ocrx_word' id='word_1_195' title='bbox 807 3849 1112 3926; x_wconf 80' lang='lat' dir='ltr'>praeclara</span> <span class='ocrx_word' id='word_1_196' title='bbox 1155 3848 1264 3906; x_wconf 83' lang='lat' dir='ltr'>illa</span> <span class='ocrx_word' id='word_1_197' title='bbox 1320 3865 1433 3906; x_wconf 77' lang='lat' dir='ltr'>nos</span> <span class='ocrx_word' id='word_1_198' title='bbox 1474 3845 1841 3905; x_wconf 75' lang='lat' dir='ltr'>inseruimus</span> <span class='ocrx_word' id='word_1_199' title='bbox 1895 3846 1969 3921; x_wconf 82' lang='lat' dir='ltr'>ef.</span> <span class='ocrx_word' id='word_1_200' title='bbox 2014 3863 2077 3904; x_wconf 79' lang='lat' dir='ltr'>u.</span> <span class='ocrx_word' id='word_1_201' title='bbox 2126 3847 2159 3904; x_wconf 94' lang='lat'>1</span> <span class='ocrx_word' id='word_1_202' title='bbox 2216 3842 2241 3923; x_wconf 77' lang='grc' dir='ltr'>ΙΙ</span> <span class='ocrx_word' id='word_1_203' title='bbox 2302 3845 2342 3902; x_wconf 89' lang='grc'>4</span> <span class='ocrx_word' id='word_1_204' title='bbox 2388 3845 2705 3902; x_wconf 82' lang='lat' dir='ltr'>caelicolas</span> <span class='ocrx_word' id='word_1_205' title='bbox 2756 3856 2898 3900; x_wconf 77' lang='lat' dir='ltr'>nos:</span> 
     </span>
     <span class='ocr_line' id='line_1_28' title="bbox 719 3928 2906 4014; baseline -0.004 -20"><span class='ocrx_word' id='word_1_206' title='bbox 719 3937 901 3994; x_wconf 87' lang='lat' dir='ltr'>ludos</span> <span class='ocrx_word' id='word_1_207' title='bbox 945 3935 994 3992; x_wconf 92' lang='lat' dir='ltr'>P</span> <span class='ocrx_word' id='word_1_208' title='bbox 1027 3930 1051 4014; x_wconf 79' lang='grc' dir='ltr'>ΙΙ</span> <span class='ocrx_word' id='word_1_209' title='bbox 1082 3943 1283 3994; x_wconf 86' lang='lat' dir='ltr'>tamen</span> <span class='ocrx_word' id='word_1_210' title='bbox 1325 3933 1640 3992; x_wconf 75' lang='lat' dir='ltr'>Usenerus:</span> <span class='ocrx_word' id='word_1_211' title='bbox 1690 3941 1891 3992; x_wconf 86' lang='lat' dir='ltr'>tamen</span> <span class='ocrx_word' id='word_1_212' title='bbox 1920 3933 1987 3990; x_wconf 91' lang='lat' dir='ltr'>in</span> <span class='ocrx_word' id='word_1_213' title='bbox 2022 3933 2071 3990; x_wconf 92' lang='lat' dir='ltr'>P</span> <span class='ocrx_word' id='word_1_214' title='bbox 2105 3928 2129 4010; x_wconf 82' lang='grc' dir='ltr'>Η</span> <span class='ocrx_word' id='word_1_215' title='bbox 2164 3931 2201 3990; x_wconf 89' lang='grc'>6</span> <span class='ocrx_word' id='word_1_216' title='bbox 2248 3933 2507 3990; x_wconf 85' lang='lat' dir='ltr'>Martem</span> <span class='ocrx_word' id='word_1_217' title='bbox 2548 3945 2605 3988; x_wconf 90' lang='lat' dir='ltr'>r:</span> <span class='ocrx_word' id='word_1_218' title='bbox 2653 3936 2906 3987; x_wconf 87' lang='lat' dir='ltr'>matrem</span> 
     </span>
     <span class='ocr_line' id='line_1_29' title="bbox 721 4007 2907 4101; baseline -0.004 -20"><span class='ocrx_word' id='word_1_219' title='bbox 721 4022 770 4080; x_wconf 91' lang='lat' dir='ltr'>P</span> <span class='ocrx_word' id='word_1_220' title='bbox 816 4018 840 4101; x_wconf 84' lang='grc' dir='ltr'>ΙΙ</span> <span class='ocrx_word' id='word_1_221' title='bbox 883 4023 921 4081; x_wconf 88' lang='grc'><strong>9</strong></span> <span class='ocrx_word' id='word_1_222' title='bbox 968 4021 1210 4080; x_wconf 87' lang='lat' dir='ltr'>fleuisse</span> <span class='ocrx_word' id='word_1_223' title='bbox 1260 4019 1564 4080; x_wconf 75' lang='lat' dir='ltr'>Gelenius:</span> <span class='ocrx_word' id='word_1_224' title='bbox 1623 4020 1798 4078; x_wconf 89' lang='lat' dir='ltr'>fleuit</span> <span class='ocrx_word' id='word_1_225' title='bbox 1840 4020 1889 4077; x_wconf 94' lang='lat' dir='ltr'>P</span> <span class='ocrx_word' id='word_1_226' title='bbox 1930 4014 1954 4097; x_wconf 80' lang='grc' dir='ltr'>Η</span> <span class='ocrx_word' id='word_1_227' title='bbox 1996 4019 2130 4076; x_wconf 89' lang='lat' dir='ltr'>loro</span> <span class='ocrx_word' id='word_1_228' title='bbox 2184 4015 2513 4076; x_wconf 78' lang='lat' dir='ltr'>Heraldus:</span> <span class='ocrx_word' id='word_1_229' title='bbox 2572 4017 2749 4075; x_wconf 88' lang='lat' dir='ltr'>thoro</span> <span class='ocrx_word' id='word_1_230' title='bbox 2794 4015 2844 4072; x_wconf 95' lang='lat' dir='ltr'>P</span> <span class='ocrx_word' id='word_1_231' title='bbox 2885 4007 2907 4096; x_wconf 78' lang='grc' dir='ltr'>Η</span> 
     </span>
     <span class='ocr_line' id='line_1_30' title="bbox 726 4099 2901 4184; baseline -0.004 -18"><span class='ocrx_word' id='word_1_232' title='bbox 726 4111 803 4167; x_wconf 90' lang='grc'>11</span> <span class='ocrx_word' id='word_1_233' title='bbox 841 4110 913 4167; x_wconf 90' lang='lat' dir='ltr'>de</span> <span class='ocrx_word' id='word_1_234' title='bbox 947 4113 1193 4183; x_wconf 83' lang='lat' dir='ltr'>Augeae</span> <span class='ocrx_word' id='word_1_235' title='bbox 1225 4107 1386 4184; x_wconf 85' lang='lat' dir='ltr'>regis</span> <span class='ocrx_word' id='word_1_236' title='bbox 1409 4106 1720 4164; x_wconf 88' lang='lat' dir='ltr'>bouilibus</span> <span class='ocrx_word' id='word_1_237' title='bbox 1750 4121 1887 4164; x_wconf 75' lang='lat' dir='ltr'>nos:</span> <span class='ocrx_word' id='word_1_238' title='bbox 1923 4105 2072 4163; x_wconf 84' lang='lat' dir='ltr'>alibi</span> <span class='ocrx_word' id='word_1_239' title='bbox 2092 4105 2141 4162; x_wconf 90' lang='lat' dir='ltr'>P</span> <span class='ocrx_word' id='word_1_240' title='bbox 2174 4099 2198 4183; x_wconf 84' lang='grc' dir='ltr'>Η</span> <span class='ocrx_word' id='word_1_241' title='bbox 2233 4102 2313 4161; x_wconf 84' lang='grc'>15</span> <span class='ocrx_word' id='word_1_242' title='bbox 2346 4102 2567 4178; x_wconf 83' lang='lat' dir='ltr'>accipit</span> <span class='ocrx_word' id='word_1_243' title='bbox 2600 4100 2901 4161; x_wconf 76' lang='lat' dir='ltr'>Gelenius:</span> 
     </span>
     <span class='ocr_line' id='line_1_31' title="bbox 721 4191 2905 4274; baseline -0.004 -22"><span class='ocrx_word' id='word_1_244' title='bbox 721 4196 954 4271; x_wconf 87' lang='lat' dir='ltr'>accepit</span> <span class='ocrx_word' id='word_1_245' title='bbox 982 4195 1031 4252; x_wconf 98' lang='lat' dir='ltr'>P</span> <span class='ocrx_word' id='word_1_246' title='bbox 1063 4191 1088 4274; x_wconf 76' lang='grc' dir='ltr'>ΙΙ</span> <span class='ocrx_word' id='word_1_247' title='bbox 1119 4194 1280 4253; x_wconf 87' lang='lat' dir='ltr'>Elici</span> <span class='ocrx_word' id='word_1_248' title='bbox 1322 4209 1458 4252; x_wconf 77' lang='lat' dir='ltr'>nos:</span> <span class='ocrx_word' id='word_1_249' title='bbox 1507 4192 1639 4251; x_wconf 89' lang='lat' dir='ltr'>illic</span> <span class='ocrx_word' id='word_1_250' title='bbox 1678 4193 1727 4250; x_wconf 95' lang='lat' dir='ltr'>P</span> <span class='ocrx_word' id='word_1_251' title='bbox 1758 4191 1784 4271; x_wconf 82' lang='grc'>11</span> <span class='ocrx_word' id='word_1_252' title='bbox 1824 4193 2085 4251; x_wconf 84' lang='lat' dir='ltr'>Aetnaei</span> <span class='ocrx_word' id='word_1_253' title='bbox 2122 4191 2280 4249; x_wconf 86' lang='lat' dir='ltr'>antri</span> <span class='ocrx_word' id='word_1_254' title='bbox 2324 4204 2464 4248; x_wconf 77' lang='lat' dir='ltr'>nos:</span> <span class='ocrx_word' id='word_1_255' title='bbox 2512 4208 2652 4248; x_wconf 89' lang='lat' dir='ltr'>cum</span> <span class='ocrx_word' id='word_1_256' title='bbox 2688 4207 2905 4245; x_wconf 85' lang='lat' dir='ltr'>aeneae</span> 
     </span>
     <span class='ocr_line' id='line_1_32' title="bbox 723 4266 2907 4361; baseline -0.003 -24"><span class='ocrx_word' id='word_1_257' title='bbox 723 4283 906 4340; x_wconf 85' lang='lat' dir='ltr'>armis</span> <span class='ocrx_word' id='word_1_258' title='bbox 927 4282 976 4338; x_wconf 92' lang='lat' dir='ltr'>P</span> <span class='ocrx_word' id='word_1_259' title='bbox 1009 4278 1033 4361; x_wconf 83' lang='grc' dir='ltr'>Η</span> <span class='ocrx_word' id='word_1_260' title='bbox 1070 4281 1148 4340; x_wconf 87' lang='grc'>18</span> <span class='ocrx_word' id='word_1_261' title='bbox 1182 4282 1420 4356; x_wconf 86' lang='lat' dir='ltr'>cyclobs</span> <span class='ocrx_word' id='word_1_262' title='bbox 1442 4279 1491 4336; x_wconf 98' lang='lat' dir='ltr'>P</span> <span class='ocrx_word' id='word_1_263' title='bbox 1523 4275 1548 4359; x_wconf 75' lang='grc' dir='ltr'>Η</span> <span class='ocrx_word' id='word_1_264' title='bbox 1583 4280 1663 4336; x_wconf 87' lang='grc'>22</span> <span class='ocrx_word' id='word_1_265' title='bbox 1688 4279 1981 4354; x_wconf 88' lang='lat' dir='ltr'>nequitiis</span> <span class='ocrx_word' id='word_1_266' title='bbox 2003 4292 2140 4336; x_wconf 75' lang='lat' dir='ltr'>nos:</span> <span class='ocrx_word' id='word_1_267' title='bbox 2174 4269 2389 4336; x_wconf 65' lang='lat' dir='ltr'>uillatiis</span> <span class='ocrx_word' id='word_1_268' title='bbox 2412 4276 2461 4333; x_wconf 98' lang='lat' dir='ltr'>P</span> <span class='ocrx_word' id='word_1_269' title='bbox 2493 4272 2519 4353; x_wconf 76' lang='grc'>11</span> <span class='ocrx_word' id='word_1_270' title='bbox 2552 4273 2634 4334; x_wconf 83' lang='grc'>23</span> <span class='ocrx_word' id='word_1_271' title='bbox 2664 4275 2785 4333; x_wconf 89' lang='lat' dir='ltr'>hiis</span> <span class='ocrx_word' id='word_1_272' title='bbox 2807 4274 2856 4331; x_wconf 94' lang='lat' dir='ltr'>P</span> <span class='ocrx_word' id='word_1_273' title='bbox 2886 4266 2907 4354; x_wconf 75' lang='grc' dir='ltr'>Η</span> 
     </span>
    </p>
   </div>
   <div class='ocr_carea' id='block_1_4' title="bbox 3295 2493 3306 3302">
    <p class='ocr_par' dir='ltr' id='par_1_9' title="bbox 3295 2493 3306 3302">
     <span class='ocr_line' id='line_1_33' title="bbox 3295 2493 3306 3302; baseline 0 0"><span class='ocrx_word' id='word_1_274' title='bbox 3295 2493 3306 3302; x_wconf 95' lang='lat' dir='ltr'> </span> 
     </span>
    </p>
   </div>
   <div class='ocr_carea' id='block_1_5' title="bbox 3295 3620 3305 4548">
    <p class='ocr_par' dir='ltr' id='par_1_10' title="bbox 3295 3620 3305 4548">
     <span class='ocr_line' id='line_1_34' title="bbox 3295 3620 3305 4548; baseline 0 0"><span class='ocrx_word' id='word_1_275' title='bbox 3295 3620 3305 4548; x_wconf 95' lang='lat' dir='ltr'> </span> 
     </span>
    </p>
   </div>
  </div>
 </body>
</html>
