3309 5192
1036 1729 1151 1809 M.
1196 1725 1656 1810 MINUGII
1700 1725 2124 1808 FELICIS

1257 1848 1905 2002 OCTAVIUS.

1479 2111 1683 2119 ——-

651 2231 1029 2328 Cogitanti
1082 2231 1272 2304 mihi
1325 2242 1401 2306 et
1453 2257 1626 2304 cum
1680 2233 1930 2306 animo
1970 2257 2138 2306 meo
2178 2233 2451 2306 Octaui
2484 2236 2666 2308 boni
2698 2237 2737 2304 l

497 2361 573 2425 et
637 2352 1052 2426 fidelissimi
1115 2353 1674 2426 contubernalis
1749 2353 2187 2426 memoriam
2245 2357 2667 2430 recensenti

495 2482 706 2546 tanta
759 2473 1077 2546 dulcedo
1135 2482 1210 2546 et
1263 2471 1587 2548 adfectio
1632 2474 1961 2546 hominis
1996 2473 2341 2564 inhaesit,
2382 2483 2469 2547 ut
2501 2475 2666 2568 ipse

495 2595 1046 2688 quodammodo
1083 2593 1273 2665 mihi
1311 2581 1614 2667 uiderer
1647 2591 1729 2666 in
1766 2594 2170 2688 praeterita
2205 2593 2473 2685 redire,
2512 2619 2666 2668 non

443 2747 467 2784 5
497 2737 587 2786 ea
640 2737 834 2808 quae
886 2714 1040 2786 iam
1073 2721 1444 2787 transacta
1482 2723 1556 2786 et
1593 2713 1907 2787 decursa
1942 2724 2116 2788 sunt
2148 2717 2666 2790 recordatione

493 2856 884 2908 reuocare:
942 2835 1050 2907 ita
1103 2835 1262 2908 eius
1316 2835 1854 2929 contemplatio
1891 2844 2256 2927 quantum
2292 2838 2667 2910 subtracta
2703 2849 2738 2901 2

497 2963 608 3028 est
661 2953 928 3044 oculiS,
997 2963 1288 3026 tantum
1344 2956 1633 3048 pectori
1700 2980 1866 3029 meo
1930 2980 2017 3027 ac
2078 2978 2320 3049 paene
2382 2957 2665 3029 intimis

497 3075 833 3148 sensibus
885 3073 1248 3167 inplicata
1301 3084 1434 3148 est.
1515 3099 1658 3147 nec
1711 3076 2060 3148 inmerito
2117 3076 2483 3148 decedens
2546 3076 2667 3148 uir
2703 3093 2737 3146 3

498 3195 818 3268 eximius
875 3203 952 3268 et
1003 3202 1301 3266 sanctus
1348 3194 1774 3267 inmensum
1813 3195 1929 3266 sui
1965 3195 2417 3266 desiderium
2452 3196 2668 3266 nobis

419 3347 468 3388 ιο
495 3315 835 3410 reliquit,
905 3323 1172 3409 utpote
1227 3339 1398 3386 cum
1453 3323 1528 3386 et
1578 3315 1742 3407 ipse
1806 3322 2013 3387 tanto
2078 3314 2312 3387 nostri
2375 3337 2669 3407 semper

497 3461 750 3511 amore
803 3431 1253 3532 flagrauerit,
1313 3444 1395 3508 ut
1449 3443 1524 3508 et
1574 3435 1656 3507 in
1719 3433 2028 3507 ludicris
2096 3443 2171 3507 et
2234 3433 2443 3506 seriis
2504 3434 2668 3528 pari

500 3581 796 3630 mecum
830 3555 1222 3629 uoluntate
1260 3556 1711 3646 concineret,
1744 3557 2006 3628 eadem
2043 3554 2243 3628 uelle
2272 3555 2399 3628 uel
2426 3553 2662 3627 nolle:

497 3679 839 3750 crederes
891 3700 1121 3748 unam
1174 3687 1502 3750 mentem
1555 3677 1636 3750 in
1692 3678 1983 3750 duobus
2037 3673 2267 3749 fuisse
2323 3677 2663 3750 diuisam.

497 3799 602 3869 sic
657 3797 857 3870 solus
889 3781 1193 3871 ⁴intimis
1249 3798 1593 3869 omnibus
1648 3797 1981 3870 consiliis
2037 3799 2221 3870 meis
2282 3823 2437 3871 non
2505 3807 2667 3870 tan·
2706 3817 2741 3870 4

651 4006 686 4062 1
736 4005 996 4063 Arnovii
1039 4005 1197 4062 liber
1224 4008 1344 4064 VH
1389 4004 1554 4082 ex'pli
1603 3998 1610 4086 Ι
1660 4004 1885 4082 Incipit
1916 4004 2072 4063 liber
2102 4007 2252 4065 VIII
2281 4004 2539 4064 feliciter
2568 4007 2617 4062 P
2642 3998 2663 4085 Η

498 4093 534 4148 2
580 4092 919 4150 recensenti
949 4093 998 4148 P
1028 4090 1256 4167 partim
1299 4089 1370 4149 in
1405 4091 1588 4150 litura
1630 4083 1650 4171 ΙΙ
1695 4091 1735 4148 8
1776 4092 2069 4150 decedens
2098 4089 2423 4149 Daui-sius:
2472 4091 2668 4149 disce-

495 4178 642 4237 dens
665 4179 713 4236 P
741 4171 762 4259 ΙΙ
804 4178 884 4235 14
913 4177 1150 4236 intimis
1181 4177 1462 4236 omnibus
1493 4177 1768 4236 consiliis
1798 4179 1949 4237 meis
1978 4196 2099 4235 non
2128 4184 2361 4236 tantum
2392 4178 2666 4236 conscius

493 4264 644 4344 ipse,
691 4265 799 4323 sed
829 4265 1028 4323 socius
1059 4265 1344 4323 intererat
1379 4280 1514 4324 nos:
1562 4265 1627 4323 in
1660 4264 1963 4322 amoribus
1995 4262 2269 4322 conscius
2302 4262 2433 4339 ipse
2466 4264 2666 4322 socius

2290 4377 2354 4429 1*
