3309 5192
1607 549 2023 623 —22-

725 783 880 834 non
936 768 1049 832 est
1086 759 1340 832 datum
1392 758 1834 855 intellegere
1874 758 2150 848 ciuilia,
2208 759 2447 833 multo
2502 761 2739 856 magis
2777 762 2907 832 de-

625 888 714 956 13
726 890 1082 979 negatum
1137 889 1249 954 est
1283 881 1641 953 disserere
1683 881 1963 953 diuina.
2056 904 2514 974 quamquam
2558 881 2620 953 si
2657 861 2909 975 philo-

727 1001 1102 1099 sophandi
1134 1001 1372 1074 libido
1411 1009 1544 1093 est,
1586 1001 1964 1091 Socraten,
2006 1002 2419 1093 sapientiae
2456 1001 2903 1096 principem,

729 1125 1047 1218 quisque
1097 1131 1455 1212 uestrum,
1528 1123 1591 1195 si
1644 1123 1995 1217 potuerit,
2062 1123 2419 1196 imitetur.
2521 1122 2680 1194 eius
2733 1122 2904 1212 uiri,

729 1245 1075 1338 quotiens
1131 1245 1223 1315 de
1279 1241 1724 1316 caelestibus
1776 1245 2200 1340 rogabatur,
2274 1251 2455 1316 nota
2518 1244 2907 1337 responsio
2938 1279 2967 1318 5

654 1385 688 1439 2
728 1374 869 1438 est:
929 1365 1130 1457 quod
1169 1387 1395 1458 supra
1431 1387 1590 1453 nos,
1648 1364 1846 1436 nihil
1880 1366 1977 1437 ad
2029 1388 2189 1436 nos.
2280 1364 2548 1436 merito
2598 1388 2776 1461 ergo
2815 1365 2907 1436 de

730 1487 870 1559 deo
925 1483 1303 1578 Delphico
1357 1485 1870 1556 testimonium
1932 1485 2207 1558 meruit
2258 1484 2704 1579 prudentiae
2758 1485 2912 1556 sin-

728 1605 1028 1702 gularis.
1124 1606 1326 1697 quod
1363 1604 1751 1676 oraculum
1804 1606 1966 1699 ipse
2020 1605 2553 1700 interpretatus
2595 1613 2735 1678 est:
2795 1606 2907 1677 id-

729 1726 931 1798 circo
967 1725 1338 1798 uniuersis
1385 1749 1462 1797 se
1519 1749 1679 1798 esse
1715 1726 2250 1820 praepositum,
2307 1749 2463 1798 non
2509 1727 2713 1819 quod
2756 1749 2909 1797 om-

729 1847 857 1919 nia
909 1845 1413 1940 comperisset,
1472 1847 1604 1918 sed
1638 1848 1844 1939 quod
1887 1845 2082 1918 nihil
2135 1870 2212 1918 se
2260 1847 2447 1918 scire
2495 1846 2900 1919 didicisset:
2936 1879 2991 1920 ιο

657 1982 694 2036 3
728 1969 836 2040 ita
890 1964 1258 2039 confessio
1312 1965 1712 2061 inperitiae
1750 1991 2041 2039 summa
2092 1967 2493 2062 prudentia
2548 1976 2678 2039 est.
2761 1966 2906 2037 hoc

730 2085 939 2161 fonte
995 2087 1310 2160 defluxit
1349 2086 1739 2160 Arcesilae
1790 2111 1934 2159 nec
1986 2087 2225 2160 multo
2278 2096 2450 2182 post
2503 2085 2907 2158 Carneadis

732 2217 808 2282 et
859 2208 1486 2280 Academicorum
1538 2207 2037 2303 plurimorum
2088 2209 2170 2280 in
2224 2208 2532 2281 summis
2586 2207 2908 2302 quaesti-

732 2330 1000 2402 onibus
1053 2335 1216 2402 tuta
1270 2329 1661 2420 dubitatio,
1720 2353 1870 2423 quo
1926 2352 2202 2424 genere
2257 2327 2782 2422 philosophari
2836 2335 2910 2399 et

658 2465 694 2519 4
732 2459 948 2548 caute
984 2449 1274 2522 indocti
1300 2457 1612 2544 possunt
1649 2458 1724 2522 et
1747 2433 1963 2522 'docti
1990 2448 2332 2546 gloriose.
2418 2449 2622 2543 quid,
2672 2447 2990 2522 Simo-1⁵

729 2572 926 2643 nidis
980 2570 1235 2644 melici
1286 2594 1540 2641 nonne
1576 2569 2013 2641 admiranda
2048 2571 2393 2643 omnibus
2448 2579 2525 2643 et
2559 2569 2912 2642 sectanda

731 2690 1158 2763 cunctatio?
1229 2690 1361 2783 qui
1397 2689 1816 2762 Simonides
1872 2714 2043 2762 cum
2082 2692 2174 2763 de
2212 2715 2323 2781 e0,
2385 2691 2568 2784 quid
2614 2697 2691 2762 et
2725 2713 2912 2783 qua-

729 2810 842 2882 les
906 2811 1391 2890 arbitraretur
1452 2811 1651 2900 deos,
1727 2813 1822 2882 ab
1884 2809 2223 2885 Hierone
2296 2821 2614 2908 tyranno
2682 2832 2912 2903 quae-

732 2938 1042 3021 reretur,
1100 2931 1344 3025 primo
1400 2930 1930 3003 deliberationi
1984 2933 2182 3005 diem
2235 2933 2475 3027 petiit,
2550 2930 2909 3025 postridie

731 3052 1047 3126 biduum
1103 3075 1327 3146 porro
1364 3053 1680 3148 rogauit,
1737 3076 1917 3124 mox
1951 3052 2275 3126 alterum
2326 3061 2618 3126 tantum
2655 3052 2911 3122 admo-
2938 3089 2993 3130 20

732 3173 929 3245 nitus
983 3173 1350 3247 adiunxit.
1440 3181 1818 3268 postremo
1858 3198 2031 3246 cum
2068 3197 2325 3247 causas
2360 3180 2611 3246 tantae
2658 3195 2911 3244 morae

731 3301 1090 3389 tyrannus
1125 3293 1561 3386 inquireret,
1601 3295 1991 3389 respondit
2024 3293 2179 3385 ille,
2221 3295 2424 3388 quod
2460 3293 2605 3365 sibi
2631 3300 2912 3386 quanto

731 3413 1120 3507 inquisitio
1173 3416 1456 3487 tardior
1507 3423 1876 3512 pergeret,
1934 3422 2141 3488 tanto
2196 3415 2474 3486 ueritas
2513 3414 2729 3485 fieret
2781 3415 2917 3485 ob-

663 3547 700 3602 5
737 3535 1042 3606 scurior.
1131 3559 1301 3606 mea
1337 3558 1637 3629 quoque
1678 3535 2035 3629 opinione
2058 3559 2269 3629 -quae
2316 3543 2487 3606 sunt
2524 3534 2771 3623 dubia,
2830 3541 2915 3605 ut

887 3757 929 3815 4
975 3757 1232 3832 quisque
1277 3767 1551 3819 uestrum
1595 3760 1650 3818 si
1683 3759 1951 3835 potuerit
1992 3773 2131 3818 nos:
2181 3757 2438 3834 quisque
2467 3768 2739 3817 uestrum
2782 3765 2916 3815 tan·

736 3851 835 3902 tus
866 3852 958 3903 est
989 3844 1044 3902 si
1071 3845 1341 3920 potuerit
1369 3848 1417 3905 P
1455 3848 1528 3922 cf.
1560 3864 1624 3905 u.
1660 3847 1699 3905 8
1740 3841 1765 3924 Η
1815 3846 1849 3902 ’7
1900 3845 2012 3903 deo
2042 3845 2341 3922 Delphico
2372 3861 2511 3905 nos:
2545 3844 2788 3903 oraculo
2819 3845 2868 3901 P
2897 3835 2919 3918 ΙΙ

738 3931 778 3989 8
824 3931 957 4008 ipse
988 3930 1418 4008 interpretatus
1466 3940 1557 3992 est
1598 3947 1739 3992 nos:
1785 3932 1947 3990 idem
1990 3932 2123 4007 ipse
2167 3931 2502 4007 praesensit
2529 3933 2578 3989 P
2623 3931 2697 4006 cf.
2729 3948 2791 3988 u.
2826 3929 2868 3987 4
2898 3922 2919 4010 ΙΙ

740 4017 778 4076 9
827 4037 890 4076 se
935 4016 1234 4077 Wowerus
1273 4018 1529 4078 inseruit
1577 4013 1604 4097 ΙΙ
1662 4020 1739 4077 11
1789 4017 2085 4077 confessio
2131 4017 2561 4077 Emmannus:
2611 4018 2916 4076 confessae

737 4106 786 4162 P
817 4100 844 4182 ΙΙ
887 4105 966 4163 12
1011 4125 1124 4164 nec
1165 4103 1482 4165 Usencrus:
1533 4112 1594 4165 et
1637 4108 1687 4164 P
1728 4102 1753 4185 ΙΙ
1795 4104 1876 4162 16
1923 4104 2145 4163 melchi
2187 4106 2236 4162 P
2276 4101 2301 4184 ss
2345 4104 2423 4163 19
2469 4105 2651 4181 petiit
2695 4103 2917 4179 postri-

737 4190 837 4249 die
881 4207 937 4250 r:
984 4192 1142 4269 petit
1168 4192 1490 4269 posttridie
1520 4194 1570 4250 P
1609 4187 1635 4270 ΙΙ
1678 4191 1761 4252 20
1803 4211 1984 4269 porro
2022 4191 2264 4268 rogauit
2305 4189 2724 4250 Baehrensius:
2773 4209 2918 4266 pro-

736 4277 979 4354 rogauit
1007 4281 1055 4338 P
1095 4275 1120 4357 ΙΙ
1166 4279 1246 4336 21
1295 4279 1570 4339 adiunxit
1598 4282 1668 4356 P,
1714 4278 1816 4337 sed
1856 4298 1897 4336 x
1939 4277 2010 4336 im
2038 4295 2256 4336 rasura
2286 4276 2471 4336 Mum
2498 4276 2787 4336 ductuum
2817 4271 2842 4356 ΙΙ
