3309 5192
1525 578 1998 653 —174—

669 791 946 848 Datums.
1003 821 1090 831 --
1140 790 1318 859 Καρ.
1354 792 1420 858 5,
1451 793 1486 845 1
1541 795 1752 865 utpote
1806 808 1941 847 cum
1997 788 2164 848 siehe
2220 790 2377 848 oben
2430 810 2505 848 zu
2561 790 2616 865 1,
2655 788 2712 849 3.
2768 822 2857 831 -—

669 874 1228 953 inpraesentiarum,
1273 873 1463 934 ausser
1506 875 1624 933 den
1665 894 1787 935 von
1831 877 2119 951 Georges,
2152 876 2285 937 Lat.
2318 874 2499 936 Lex.⁷
2533 875 2703 936 1880
2747 896 2855 933 an-

670 962 995 1038 geftihrten
1025 962 1278 1039 Stellen,
1310 961 1432 1039 vgl.
1465 963 1649 1021 noch:
1700 963 1921 1037 Symm.
1961 962 2019 1036 1,
2045 961 2157 1035 94;
2207 961 2266 1040 3,
2293 961 2406 1036 48;
2455 962 2583 1021 Sid.
2617 963 2874 1041 Apoll,

666 1050 781 1125 Ep.
809 1048 868 1126 2,
892 1047 951 1126 3,
976 1050 1044 1122 1;
1079 1047 1298 1126 capit„
1331 1048 1543 1107 Albin.
1571 1048 1638 1119 23
1688 1049 1828 1108 sehr
1854 1048 2061 1126 haufig
2096 1048 2201 1107 bei
2228 1049 2535 1125 Apuleius
2568 1045 2681 1124 (ed.
2714 1048 2849 1125 Bip.

667 1155 728 1212 p.
757 1133 860 1199 53.
895 1134 998 1195 58.
1027 1133 1126 1193 70.
1155 1134 1258 1194 95.
1289 1134 1434 1193 124.
1465 1133 1588 1192 135
1613 1130 1769 1213 [drei
1785 1129 1953 1213 MaIJ.
1985 1134 2127 1194 140.
2158 1136 2303 1194 142.
2333 1133 2477 1194 150.
2508 1134 2654 1197 233.
2684 1133 2851 1212 240).

668 1254 754 1263 --
801 1220 842 1299 ἓ
876 1222 934 1281 2.
1014 1217 1272 1299 medius]
1326 1221 1478 1279 mihi
1530 1222 1598 1281 P.
1691 1224 1895 1280 Wenn
1948 1221 2053 1280 das
2104 1240 2227 1279 von
2269 1222 2387 1280 mir
2439 1222 2853 1282 erschlossene

667 1308 903 1368 medius
936 1334 981 1357 =
1004 1307 1360 1367 Vermittler
1407 1303 1607 1384 (Verg.
1633 1308 1790 1366 Aen.
1827 1307 1885 1386 7,
1913 1306 2040 1367 536
2086 1308 2223 1385 paci
2252 1307 2521 1366 medium
2552 1327 2616 1367 se
2648 1310 2850 1383 offert3

667 1397 820 1454 Hor.
856 1415 1035 1454 carm.
1062 1394 1121 1473 2,
1147 1394 1249 1471 19,
1269 1393 1353 1453 28
1399 1394 1561 1452 idem
1605 1394 1771 1470 pacis
1815 1413 1947 1453 eras
1989 1394 2345 1470 mediusque
2389 1393 2567 1465 belli;
2616 1393 2742 1454 Cic.
2776 1395 2851 1453 de

667 1481 790 1540 fato
825 1482 924 1558 17,
954 1480 1067 1555 39;
1103 1484 1214 1541 Ov.
1241 1482 1390 1539 Met.
1419 1479 1476 1556 5,
1505 1478 1689 1557 5641)
1723 1480 1946 1558 richtig
1974 1480 2075 1557 ist,
2116 1500 2184 1539 so
2227 1480 2460 1539 scheint
2498 1482 2605 1539 der
2634 1481 2855 1540 Fehler

668 1568 820 1625 mihi
875 1568 980 1625 auf
1029 1568 1163 1626 eine
1218 1586 1366 1643 ganz
1419 1566 1865 1643 merkwfirdige
1910 1567 2119 1627 Weise
2173 1568 2528 1627 entstanden
2581 1588 2657 1625 zu
2701 1567 2851 1626 sein.

667 1656 796 1712 Fur
838 1653 1074 1713 medius
1104 1674 1226 1713 war
1269 1652 1537 1711 nfimlich
1564 1652 1928 1712 vermutlich
1970 1653 2199 1731 infolge
2229 1653 2704 1730 Verwechslung
2731 1673 2853 1714 von

2792 1730 2809 1765 ι

670 1795 702 1832 e
733 1776 859 1832 und
890 1794 925 1833 o
957 1774 1198 1833 modius
1237 1772 1628 1851 geschrieben
1666 1774 1791 1831 und
1830 1773 1960 1832 dies
1992 1773 2183 1832 durch
2212 1773 2311 1832 die
2341 1775 2721 1852 Abkflrzung
2752 1776 2848 1832 (Ὀ

670 1892 756 1903 —-·
798 1861 920 1936 vgl.
970 1860 1069 1919 die
1112 1862 1311 1919 Notae
1343 1859 1666 1919 Vaticanae
1714 1861 1773 1917 S.
1810 1858 1937 1919 309
1982 1861 2108 1918 und
2152 1860 2249 1917 die
2279 1862 2476 1918 Notae
2523 1880 2598 1918 ex
2643 1862 2853 1920 codice

667 1947 937 2024 Reginae
995 1951 1054 2006 S.
1091 1945 1216 2005 283
1261 1978 1368 2024 —,
1425 1946 1522 2005 die
1575 1946 1853 2022 zugleich
1907 1948 2059 2005 auch
2112 1946 2266 2004 mihi
2316 1947 2617 2006 bedeuten
2669 1949 2849 2026 kann,

670 2032 1162 2111 wiedergegeben
1203 2033 1469 2092 worden.
1528 2063 1613 2074 —
1661 2032 1862 2090 omnia
1907 2053 1981 2090 ex
2023 2032 2120 2091 his
2164 2028 2536 2111 testimonia]
2580 2034 2699 2092 alle
2744 2053 2851 2093 aus

668 2120 873 2177 diesen
906 2121 1152 2195 Dingen
1195 2120 1595 2196 abgeleiteten
1638 2119 1930 2178 Beweise.
2000 2120 2295 2177 Bahrens:
2344 2121 2417 2178 de
2461 2119 2559 2179 his
2604 2120 2850 2179 iudicia.

665 2207 775 2266 Ich
818 2207 1036 2265 nehme
1092 2206 1518 2264 Zeilenausfall
1575 2203 1679 2283 (15
1723 2202 1993 2281 Buchst.)
2055 2225 2149 2283 an,
2212 2206 2380 2265 siche
2444 2208 2502 2265 S.
2559 2206 2703 2265 124.
2762 2239 2853 2248 -
2937 2262 2943 2269 .

667 2290 708 2368 ξ
742 2291 799 2351 3.
861 2289 1110 2371 inicum]
1163 2292 1386 2351 mirum
1437 2295 1505 2351 P.
1605 2294 1734 2350 Der
1784 2293 2004 2350 Fehler
2058 2291 2337 2350 entstand
2387 2292 2452 2350 in
2506 2293 2853 2352 Minuskel-

665 2378 893 2438 schrift.
968 2379 1088 2438 Die
1126 2382 1308 2438 Form
1352 2378 1580 2437 inicum
1623 2379 1778 2437 auch
1824 2378 2021 2455 28,1;
2070 2379 2339 2455 dagegen
2385 2379 2488 2458 12,
2517 2380 2553 2437 2
2600 2380 2847 2454 iniquus

663 2466 791 2523 und
837 2467 939 2543 11,
966 2466 1004 2524 6
1052 2466 1350 2540 iniquum.
1399 2497 1486 2508 —
1531 2463 1572 2541 ξ
1604 2465 1664 2525 4.
1733 2464 2173 2541 indignandum
2217 2465 2497 2524 omnibus
2534 2466 2638 2523 uel
2667 2466 2846 2524 indo-

664 2549 1033 2630 lescendum]
1077 2552 1200 2629 vgl.
1235 2552 1335 2629 16,
1365 2551 1403 2609 6
1448 2551 1606 2609 nihil
1650 2551 1857 2626 itaque
1902 2551 2339 2627 indignandum
2367 2552 2468 2610 uel
2498 2552 2843 2611 dolendum.

665 2632 830 2696 Uber
875 2640 992 2696 den
1034 2638 1276 2697 Aussall
1327 2657 1448 2695 von
1489 2638 1593 2695 uel
1645 2637 1813 2695 siehe
1870 2640 1927 2695 S.
1969 2637 2111 2697 166.
2159 2670 2247 2679 ——
2302 2645 2361 2697 et
2403 2638 2561 2697 inter
2607 2639 2848 2698 sordida

663 2719 886 2803 rerum]
918 2733 978 2783 et
1002 2751 1048 2773 =
1075 2724 1284 2798 etiam,
1333 2724 1522 2783 selbst
1549 2724 1616 2782 in
1653 2724 1771 2781 den
1799 2724 2339 2783 kflmmerlichsten
2367 2724 2845 2785 Verbaltnissen.

669 2810 854 2869 etiam
884 2811 1261 2870 sordidarum
1290 2813 1358 2869 P.
1405 2842 1492 2851 —
1535 2817 1626 2868 tot
1657 2810 1935 2869 omnibus
1966 2806 2255 2888 scientiis]
2300 2818 2453 2869 trotz
2497 2811 2646 2869 aller
2689 2811 2850 2870 ihrer

668 2916 734 2955 so
779 2896 981 2955 vielen
1023 2896 1412 2970 Kenntnisse3
1473 2897 1576 2975 22,
1605 2895 1642 2954 5
1691 2896 1921 2973 Apollo
1974 2904 2067 2956 tot
2117 2897 2412 2956 aetatibus
2463 2890 2640 2957 leuis.
2730 2898 2845 2956 Die

667 2984 880 3042 Lesart
924 2985 1029 3043 des
1074 2983 1411 3043 Parisinus:
1461 2991 1554 3042 tot
1584 3002 1639 3041 0.
1677 2984 1932 3042 saeculis
1977 2985 2196 3041 beruht
2240 2984 2346 3041 auf
2386 2984 2554 3042 einer
2582 2984 2848 3043 falschen

667 3070 1020 3147 Auflosung
1065 3071 1170 3129 der
1211 3072 1588 3147 Abkssrzung
1639 3070 1741 3127 fur
1792 3069 2085 3129 scientiis.
2134 3103 2220 3111 —-
2264 3067 2305 3145 ξ
2341 3069 2397 3128 5.
2464 3089 2649 3146 super
2692 3078 2848 3129 astra

665 3166 873 3216 nostro
934 3158 1100 3215 caelo
1160 3153 1470 3235 suspensa]
1529 3176 1711 3233 supra
1767 3176 1879 3214 nos
1938 3157 2104 3216 caelo
2160 3175 2231 3234 s.,
2289 3157 2410 3232 vgl.
2471 3159 2533 3216 S.
2569 3156 2713 3215 156.
2761 3187 2846 3198 -

665 3239 1076 3323 interpretari]
1099 3244 1360 3320 stuprari
1379 3246 1447 3321 P,
1473 3244 1593 3320 vgl.
1617 3245 1678 3301 S.
1704 3242 1849 3301 154.
1884 3262 1932 3301 c.
1953 3243 2035 3301 12
2056 3244 2415 3320 denegatum
2440 3250 2532 3303 est
2554 3243 2843 3301 disserere

666 3329 897 3405 diuina3
945 3332 1113 3389 Lact.
1150 3329 1210 3409 3,
1237 3329 1338 3406 20,
1366 3331 1408 3388 4
1451 3330 1632 3388 multi
1677 3330 2108 3407 sceleratioreS,
2158 3329 2266 3404 qui
2304 3341 2515 3388 arcana
2544 3330 2757 3388 mundi
2786 3336 2848 3387 et

665 3417 781 3474 hoe
813 3416 1070 3476 caeleste
1099 3417 1395 3493 templum
1423 3417 1738 3493 profanare
1762 3415 1970 3491 impiis
1994 3415 2508 3493 disputationibus
2532 3425 2844 3493 quaerunt,

667 3522 846 3577 quam
905 3502 1011 3577 qui
1063 3504 1273 3561 aedem
1316 3506 1532 3562 Vestae
1589 3510 1695 3561 aut
1746 3504 1950 3561 Bonae
2006 3505 2171 3561 Deae
2225 3509 2330 3562 aut
2383 3500 2615 3561 Cereris
2658 3502 2845 3561 intra-

664 3590 891 3668 uerint3
939 3591 1150 3667 Apul.,
1185 3590 1258 3648 de
1289 3590 1512 3647 mundo
1548 3590 1604 3663 1,
1635 3591 1670 3646 1
1728 3588 2128 3648 consideranti
2182 3589 2335 3647 mihi
2388 3596 2447 3647 et
2492 3588 2847 3666 diligentius

665 3675 927 3734 intuenti
971 3696 1150 3752 saepe
1196 3675 1344 3734 alias
1388 3675 1541 3733 mihi
1569 3674 1817 3734 uirtutis
1846 3675 2185 3752 indagatrix
2230 3675 2655 3752 expultrixque
2700 3674 2849 3733 uiti-

669 3782 869 3839 orum,
927 3762 1270 3821 diuinarum
1322 3761 1625 3837 particeps
1680 3782 1881 3819 rerum
1934 3762 2325 3838 philosophia
2377 3761 2714 3823 uidebatur.
2783 3769 2848 3819 ,et

666 3869 824 3908 nunc
870 3849 1148 3926 maxime,
1200 3869 1336 3907 cum
1379 3856 1626 3907 naturae
1656 3847 2214 3924 interpretationem
2258 3854 2321 3906 et
2362 3855 2728 3907 remotarum
2770 3847 2844 3905 ab
2904 3908 2911 3913 ,

669 3935 862 3993 oculis
904 3956 1107 3995 rerum
1150 3934 1685 4010 inuestigationem
1716 3934 1836 3993 sibi
1862 3934 2151 3994 uindicet.
2200 3967 2285 3975 —
2330 3934 2660 3993 secundum
2689 3934 2846 3996 illud

664 4028 842 4081 uetus
886 4012 1200 4099 Apollinis
1245 4017 1575 4099 oraculum]
1620 4040 1666 4079 s.
1710 4020 1751 4080 i.
1792 4042 1852 4079 u.
1901 4022 2190 4099 sapientis
2236 4020 2547 4080 oraculum
2591 4022 2667 4095 P;
2716 4020 2839 4079 Cic.

810 4210 845 4273 1)
882 4205 1060 4263 Schol.
1096 4206 1156 4260 in
1188 4206 1393 4260 Lucan.
1433 4206 1533 4272 (ed.
1571 4204 1782 4261 Usener
1815 4204 1968 4272 1869)
2006 4205 2056 4273 6,
2082 4204 2185 4259 742
2218 4204 2410 4259 mundi
2445 4203 2667 4285 arbiter]
2711 4220 2849 4285 quo-

665 4276 828 4330 modo
864 4275 1097 4331 arbitros
1135 4292 1246 4342 eos,
1284 4275 1380 4347 qui
1412 4274 1580 4329 medii
1612 4280 1745 4330 sunt
1766 4292 2067 4341 causarum,
2106 4274 2183 4329 sic
2207 4272 2472 4328 arbitrum
2496 4273 2637 4328 dixit
2659 4272 2847 4327 Ditem

667 4344 907 4400 medium
939 4344 1083 4403 inter
1119 4345 1259 4400 duos
1292 4344 1551 4410 mundos;
1589 4342 1675 4411 10,
1701 4344 1805 4398 472
1842 4344 1939 4414 qui
1971 4343 2185 4398 medius
2220 4342 2370 4415 pacis
2406 4344 2601 4397 fuerat.
