<?xml version="1.0" encoding="UTF-8"?>
<!DOCTYPE html PUBLIC "-//W3C//DTD XHTML 1.0 Transitional//EN"
    "http://www.w3.org/TR/xhtml1/DTD/xhtml1-transitional.dtd">
<html xmlns="http://www.w3.org/1999/xhtml" xml:lang="en" lang="en">
 <head>
  <title>
</title>
<meta http-equiv="Content-Type" content="text/html;charset=utf-8" />
  <meta name='ocr-system' content='tesseract 3.04.00' />
  <meta name='ocr-capabilities' content='ocr_page ocr_carea ocr_par ocr_line ocrx_word'/>
</head>
<body>
  <div class='ocr_page' id='page_1' title='image "./mminuciifelicis00schgoog_0066.png"; bbox 0 0 3309 5192; ppageno 0'>
   <div class='ocr_carea' id='block_1_1' title="bbox 1571 512 1983 588">
    <p class='ocr_par' dir='ltr' id='par_1_1' title="bbox 1571 512 1983 588">
     <span class='ocr_line' id='line_1_1' title="bbox 1571 512 1983 588; baseline 0.002 -21"><span class='ocrx_word' id='word_1_1' title='bbox 1571 512 1983 588; x_wconf 58' lang='lat'>..52-</span> 
     </span>
    </p>
   </div>
   <div class='ocr_carea' id='block_1_2' title="bbox 584 720 2956 3347">
    <p class='ocr_par' dir='ltr' id='par_1_2' title="bbox 584 720 2956 3347">
     <span class='ocr_line' id='line_1_2' title="bbox 692 720 2864 819; baseline 0 -25"><span class='ocrx_word' id='word_1_2' title='bbox 692 724 785 795; x_wconf 91' lang='lat' dir='ltr'><strong>de</strong></span> <span class='ocrx_word' id='word_1_3' title='bbox 839 723 1184 817; x_wconf 86' lang='lat' dir='ltr'><strong>proximo</strong></span> <span class='ocrx_word' id='word_1_4' title='bbox 1228 720 1574 818; x_wconf 79' lang='lat' dir='ltr'><strong>fugitant,</strong></span> <span class='ocrx_word' id='word_1_5' title='bbox 1634 746 1822 815; x_wconf 89' lang='lat' dir='ltr'><strong>quos</strong></span> <span class='ocrx_word' id='word_1_6' title='bbox 1864 722 2089 819; x_wconf 87' lang='lat' dir='ltr'><strong>longe</strong></span> <span class='ocrx_word' id='word_1_7' title='bbox 2133 747 2273 819; x_wconf 93' lang='lat' dir='ltr'><strong>per</strong></span> <span class='ocrx_word' id='word_1_8' title='bbox 2317 747 2453 796; x_wconf 92' lang='lat' dir='ltr'><strong>uos</strong></span> <span class='ocrx_word' id='word_1_9' title='bbox 2500 724 2864 796; x_wconf 82' lang='lat' dir='ltr'>lacessere</span> 
     </span>
     <span class='ocr_line' id='line_1_3' title="bbox 617 844 2866 938; baseline 0 -22"><span class='ocrx_word' id='word_1_10' title='bbox 617 862 653 916; x_wconf 90' lang='lat'>8</span> <span class='ocrx_word' id='word_1_11' title='bbox 687 851 1193 938; x_wconf 90' lang='lat' dir='ltr'><strong>perseuerant.</strong></span> <span class='ocrx_word' id='word_1_12' title='bbox 1258 844 1426 915; x_wconf 92' lang='lat' dir='ltr'><strong>ideo</strong></span> <span class='ocrx_word' id='word_1_13' title='bbox 1462 844 1723 916; x_wconf 90' lang='lat' dir='ltr'><strong>inserti</strong></span> <span class='ocrx_word' id='word_1_14' title='bbox 1762 846 2134 917; x_wconf 91' lang='lat' dir='ltr'><strong>mentibus</strong></span> <span class='ocrx_word' id='word_1_15' title='bbox 2170 845 2695 918; x_wconf 83' lang='lat' dir='ltr'><strong>innocentibus</strong></span> <span class='ocrx_word' id='word_1_16' title='bbox 2730 845 2866 916; x_wconf 93' lang='lat' dir='ltr'><strong>im-</strong></span> 
     </span>
     <span class='ocr_line' id='line_1_4' title="bbox 687 965 2863 1060; baseline -0 -22"><span class='ocrx_word' id='word_1_17' title='bbox 687 967 1104 1060; x_wconf 89' lang='lat' dir='ltr'><strong>peritorum</strong></span> <span class='ocrx_word' id='word_1_18' title='bbox 1141 966 1392 1037; x_wconf 86' lang='lat' dir='ltr'><strong>odium</strong></span> <span class='ocrx_word' id='word_1_19' title='bbox 1430 965 1667 1037; x_wconf 84' lang='lat' dir='ltr'><strong>nostri</strong></span> <span class='ocrx_word' id='word_1_20' title='bbox 1702 974 1957 1038; x_wconf 90' lang='lat' dir='ltr'><strong>serunt</strong></span> <span class='ocrx_word' id='word_1_21' title='bbox 1993 965 2286 1038; x_wconf 81' lang='lat' dir='ltr'>occulte</span> <span class='ocrx_word' id='word_1_22' title='bbox 2321 989 2458 1059; x_wconf 92' lang='lat' dir='ltr'><strong>per</strong></span> <span class='ocrx_word' id='word_1_23' title='bbox 2484 965 2863 1049; x_wconf 89' lang='lat' dir='ltr'><strong>timorem;</strong></span> 
     </span>
     <span class='ocr_line' id='line_1_5' title="bbox 688 1085 2872 1178; baseline -0.001 -20"><span class='ocrx_word' id='word_1_24' title='bbox 688 1085 1028 1159; x_wconf 84' lang='lat' dir='ltr'><strong>naturale</strong></span> <span class='ocrx_word' id='word_1_25' title='bbox 1059 1096 1170 1159; x_wconf 92' lang='lat' dir='ltr'><strong>est</strong></span> <span class='ocrx_word' id='word_1_26' title='bbox 1197 1087 1399 1158; x_wconf 90' lang='lat' dir='ltr'><strong>enim</strong></span> <span class='ocrx_word' id='word_1_27' title='bbox 1428 1095 1504 1158; x_wconf 96' lang='lat' dir='ltr'><strong>et</strong></span> <span class='ocrx_word' id='word_1_28' title='bbox 1529 1087 1770 1158; x_wconf 89' lang='lat' dir='ltr'><strong>odisse</strong></span> <span class='ocrx_word' id='word_1_29' title='bbox 1799 1109 2023 1178; x_wconf 90' lang='lat' dir='ltr'><strong>quem</strong></span> <span class='ocrx_word' id='word_1_30' title='bbox 2053 1087 2317 1158; x_wconf 90' lang='lat' dir='ltr'><strong>timeas</strong></span> <span class='ocrx_word' id='word_1_31' title='bbox 2346 1095 2422 1158; x_wconf 95' lang='lat' dir='ltr'><strong>et</strong></span> <span class='ocrx_word' id='word_1_32' title='bbox 2444 1109 2671 1178; x_wconf 89' lang='lat' dir='ltr'><strong>quem</strong></span> <span class='ocrx_word' id='word_1_33' title='bbox 2692 1086 2872 1157; x_wconf 91' lang='lat' dir='ltr'><strong>ode-</strong></span> 
     </span>
     <span class='ocr_line' id='line_1_6' title="bbox 686 1205 2921 1300; baseline 0 -22"><span class='ocrx_word' id='word_1_34' title='bbox 686 1209 788 1279; x_wconf 86' lang='lat' dir='ltr'><strong>ris</strong></span> <span class='ocrx_word' id='word_1_35' title='bbox 813 1205 1190 1297; x_wconf 85' lang='lat' dir='ltr'><strong>infestare,</strong></span> <span class='ocrx_word' id='word_1_36' title='bbox 1223 1207 1285 1278; x_wconf 89' lang='lat' dir='ltr'><strong>si</strong></span> <span class='ocrx_word' id='word_1_37' title='bbox 1311 1207 1570 1300; x_wconf 90' lang='lat' dir='ltr'><strong>possis.</strong></span> <span class='ocrx_word' id='word_1_38' title='bbox 1627 1207 1734 1277; x_wconf 94' lang='lat' dir='ltr'><strong>sic</strong></span> <span class='ocrx_word' id='word_1_39' title='bbox 1763 1214 2135 1298; x_wconf 91' lang='lat' dir='ltr'><strong>occupant</strong></span> <span class='ocrx_word' id='word_1_40' title='bbox 2160 1207 2446 1278; x_wconf 81' lang='lat' dir='ltr'><strong>animos</strong></span> <span class='ocrx_word' id='word_1_41' title='bbox 2477 1215 2551 1278; x_wconf 92' lang='lat' dir='ltr'><strong>et</strong></span> <span class='ocrx_word' id='word_1_42' title='bbox 2580 1208 2872 1278; x_wconf 92' lang='lat' dir='ltr'><strong>obstru-</strong></span> <span class='ocrx_word' id='word_1_43' title='bbox 2896 1246 2921 1285; x_wconf 77' lang='lat'><strong>5</strong></span> 
     </span>
     <span class='ocr_line' id='line_1_7' title="bbox 687 1326 2867 1422; baseline -0 -23"><span class='ocrx_word' id='word_1_44' title='bbox 687 1336 828 1401; x_wconf 94' lang='lat' dir='ltr'><strong>unt</strong></span> <span class='ocrx_word' id='word_1_45' title='bbox 877 1335 1206 1422; x_wconf 83' lang='lat' dir='ltr'>pectora,</span> <span class='ocrx_word' id='word_1_46' title='bbox 1263 1336 1349 1399; x_wconf 95' lang='lat' dir='ltr'><strong>ut</strong></span> <span class='ocrx_word' id='word_1_47' title='bbox 1403 1335 1575 1398; x_wconf 91' lang='lat' dir='ltr'><strong>ante</strong></span> <span class='ocrx_word' id='word_1_48' title='bbox 1629 1351 1766 1398; x_wconf 92' lang='lat' dir='ltr'><strong>nos</strong></span> <span class='ocrx_word' id='word_1_49' title='bbox 1819 1327 2185 1419; x_wconf 84' lang='lat' dir='ltr'><strong>incipiant</strong></span> <span class='ocrx_word' id='word_1_50' title='bbox 2240 1326 2581 1398; x_wconf 88' lang='lat' dir='ltr'><strong>homines</strong></span> <span class='ocrx_word' id='word_1_51' title='bbox 2627 1327 2867 1398; x_wconf 84' lang='lat' dir='ltr'><strong>odisse</strong></span> 
     </span>
     <span class='ocr_line' id='line_1_8' title="bbox 690 1447 2870 1542; baseline -0.001 -21"><span class='ocrx_word' id='word_1_52' title='bbox 690 1473 913 1542; x_wconf 91' lang='lat' dir='ltr'><strong>quam</strong></span> <span class='ocrx_word' id='word_1_53' title='bbox 951 1472 1189 1538; x_wconf 88' lang='lat' dir='ltr'><strong>nosse,</strong></span> <span class='ocrx_word' id='word_1_54' title='bbox 1238 1472 1334 1520; x_wconf 93' lang='lat' dir='ltr'><strong>ne</strong></span> <span class='ocrx_word' id='word_1_55' title='bbox 1373 1448 1709 1542; x_wconf 84' lang='lat' dir='ltr'><strong>cognitos</strong></span> <span class='ocrx_word' id='word_1_56' title='bbox 1738 1456 1866 1519; x_wconf 90' lang='lat' dir='ltr'><strong>aut</strong></span> <span class='ocrx_word' id='word_1_57' title='bbox 1892 1447 2171 1518; x_wconf 90' lang='lat' dir='ltr'><strong>imitari</strong></span> <span class='ocrx_word' id='word_1_58' title='bbox 2197 1447 2486 1540; x_wconf 89' lang='lat' dir='ltr'><strong>possint</strong></span> <span class='ocrx_word' id='word_1_59' title='bbox 2512 1455 2641 1521; x_wconf 90' lang='lat' dir='ltr'><strong>aut</strong></span> <span class='ocrx_word' id='word_1_60' title='bbox 2669 1448 2870 1519; x_wconf 90' lang='lat' dir='ltr'><strong>dam-</strong></span> 
     </span>
     <span class='ocr_line' id='line_1_9' title="bbox 584 1568 2872 1662; baseline -0.002 -20"><span class='ocrx_word' id='word_1_61' title='bbox 584 1574 678 1642; x_wconf 81' lang='lat'><strong>28</strong></span> <span class='ocrx_word' id='word_1_62' title='bbox 693 1593 874 1642; x_wconf 88' lang='lat' dir='ltr'><strong>nare</strong></span> <span class='ocrx_word' id='word_1_63' title='bbox 927 1593 1082 1640; x_wconf 94' lang='lat' dir='ltr'><strong>non</strong></span> <span class='ocrx_word' id='word_1_64' title='bbox 1118 1569 1424 1662; x_wconf 90' lang='lat' dir='ltr'><strong>possint.</strong></span> <span class='ocrx_word' id='word_1_65' title='bbox 1522 1592 1750 1660; x_wconf 84' lang='lat' dir='ltr'><strong>quarn</strong></span> <span class='ocrx_word' id='word_1_66' title='bbox 1794 1576 2045 1640; x_wconf 90' lang='lat' dir='ltr'><strong>autem</strong></span> <span class='ocrx_word' id='word_1_67' title='bbox 2100 1569 2387 1640; x_wconf 90' lang='lat' dir='ltr'><strong>inicum</strong></span> <span class='ocrx_word' id='word_1_68' title='bbox 2438 1568 2554 1657; x_wconf 89' lang='lat' dir='ltr'><strong>sit,</strong></span> <span class='ocrx_word' id='word_1_69' title='bbox 2614 1569 2706 1639; x_wconf 91' lang='lat' dir='ltr'><strong>de</strong></span> <span class='ocrx_word' id='word_1_70' title='bbox 2754 1569 2872 1638; x_wconf 92' lang='lat' dir='ltr'><strong>in-</strong></span> 
     </span>
     <span class='ocr_line' id='line_1_10' title="bbox 695 1686 2872 1785; baseline -0 -24"><span class='ocrx_word' id='word_1_71' title='bbox 695 1690 1012 1785; x_wconf 89' lang='lat' dir='ltr'><strong>cognitis</strong></span> <span class='ocrx_word' id='word_1_72' title='bbox 1050 1697 1126 1762; x_wconf 89' lang='lat' dir='ltr'><strong>et</strong></span> <span class='ocrx_word' id='word_1_73' title='bbox 1159 1688 1652 1783; x_wconf 83' lang='lat' dir='ltr'><strong>inexploratis</strong></span> <span class='ocrx_word' id='word_1_74' title='bbox 1687 1689 2042 1780; x_wconf 87' lang='lat' dir='ltr'><strong>iudicare,</strong></span> <span class='ocrx_word' id='word_1_75' title='bbox 2097 1690 2300 1781; x_wconf 92' lang='lat' dir='ltr'><strong>quod</strong></span> <span class='ocrx_word' id='word_1_76' title='bbox 2336 1686 2603 1774; x_wconf 87' lang='lat' dir='ltr'><strong>facitis,</strong></span> <span class='ocrx_word' id='word_1_77' title='bbox 2655 1688 2872 1766; x_wconf 90' lang='lat' dir='ltr'><strong>nobis</strong></span> 
     </span>
     <span class='ocr_line' id='line_1_11' title="bbox 623 1806 2953 1904; baseline -0 -25"><span class='ocrx_word' id='word_1_78' title='bbox 623 1827 655 1878; x_wconf 86' lang='lat'><strong>2</strong></span> <span class='ocrx_word' id='word_1_79' title='bbox 693 1810 874 1904; x_wconf 90' lang='lat' dir='ltr'><strong>ipsis</strong></span> <span class='ocrx_word' id='word_1_80' title='bbox 918 1810 1478 1903; x_wconf 86' lang='lat' dir='ltr'><strong>paenitentibus</strong></span> <span class='ocrx_word' id='word_1_81' title='bbox 1517 1809 1819 1882; x_wconf 85' lang='lat' dir='ltr'><strong>credite.</strong></span> <span class='ocrx_word' id='word_1_82' title='bbox 1914 1820 1989 1883; x_wconf 94' lang='lat' dir='ltr'><strong>et</strong></span> <span class='ocrx_word' id='word_1_83' title='bbox 2033 1834 2169 1882; x_wconf 94' lang='lat' dir='ltr'><strong>nos</strong></span> <span class='ocrx_word' id='word_1_84' title='bbox 2218 1810 2419 1881; x_wconf 90' lang='lat' dir='ltr'><strong>enim</strong></span> <span class='ocrx_word' id='word_1_85' title='bbox 2454 1809 2656 1880; x_wconf 90' lang='lat' dir='ltr'><strong>idem</strong></span> <span class='ocrx_word' id='word_1_86' title='bbox 2692 1806 2873 1880; x_wconf 87' lang='lat' dir='ltr'><strong>feci·</strong></span> <span class='ocrx_word' id='word_1_87' title='bbox 2901 1838 2953 1879; x_wconf 79' lang='grc' dir='ltr'><strong>ιο</strong></span> 
     </span>
     <span class='ocr_line' id='line_1_12' title="bbox 692 1929 2873 2024; baseline 0 -22"><span class='ocrx_word' id='word_1_88' title='bbox 692 1954 857 2003; x_wconf 90' lang='lat' dir='ltr'><strong>mus</strong></span> <span class='ocrx_word' id='word_1_89' title='bbox 913 1939 988 2002; x_wconf 92' lang='lat' dir='ltr'><strong>et</strong></span> <span class='ocrx_word' id='word_1_90' title='bbox 1041 1932 1303 2003; x_wconf 89' lang='lat' dir='ltr'><strong>eadem</strong></span> <span class='ocrx_word' id='word_1_91' title='bbox 1359 1930 1752 2002; x_wconf 89' lang='lat' dir='ltr'><strong>uobiscum</strong></span> <span class='ocrx_word' id='word_1_92' title='bbox 1805 1932 2185 2024; x_wconf 89' lang='lat' dir='ltr'><strong>quondam</strong></span> <span class='ocrx_word' id='word_1_93' title='bbox 2236 1930 2484 2001; x_wconf 90' lang='lat' dir='ltr'><strong>adhuc</strong></span> <span class='ocrx_word' id='word_1_94' title='bbox 2538 1929 2743 2001; x_wconf 92' lang='lat' dir='ltr'><strong>caeci</strong></span> <span class='ocrx_word' id='word_1_95' title='bbox 2798 1943 2873 2002; x_wconf 90' lang='lat' dir='ltr'><strong>et</strong></span> 
     </span>
     <span class='ocr_line' id='line_1_13' title="bbox 693 2037 2873 2142; baseline -0 -20"><span class='ocrx_word' id='word_1_96' title='bbox 693 2051 1002 2123; x_wconf 87' lang='lat' dir='ltr'><strong>hebetes</strong></span> <span class='ocrx_word' id='word_1_97' title='bbox 1045 2050 1565 2142; x_wconf 76' lang='lat' dir='ltr'><strong>sentiebamus,</strong></span> <span class='ocrx_word' id='word_1_98' title='bbox 1614 2051 1829 2142; x_wconf 90' lang='lat' dir='ltr'><strong>quasi</strong></span> <span class='ocrx_word' id='word_1_99' title='bbox 1870 2050 2276 2122; x_wconf 88' lang='lat' dir='ltr'><strong>Christiani</strong></span> <span class='ocrx_word' id='word_1_100' title='bbox 2310 2059 2640 2122; x_wconf 88' lang='lat' dir='ltr'><strong>monstra</strong></span> <span class='ocrx_word' id='word_1_101' title='bbox 2678 2037 2873 2122; x_wconf 93' lang='lat' dir='ltr'><strong>cole-</strong></span> 
     </span>
     <span class='ocr_line' id='line_1_14' title="bbox 694 2168 2869 2261; baseline -0 -18"><span class='ocrx_word' id='word_1_102' title='bbox 694 2180 882 2261; x_wconf 85' lang='lat' dir='ltr'><strong>rent,</strong></span> <span class='ocrx_word' id='word_1_103' title='bbox 936 2168 1261 2243; x_wconf 85' lang='lat' dir='ltr'><strong>infantes</strong></span> <span class='ocrx_word' id='word_1_104' title='bbox 1299 2179 1675 2261; x_wconf 88' lang='lat' dir='ltr'><strong>uorarent,</strong></span> <span class='ocrx_word' id='word_1_105' title='bbox 1727 2171 2080 2242; x_wconf 78' lang='lat' dir='ltr'><strong>conuiuia</strong></span> <span class='ocrx_word' id='word_1_106' title='bbox 2123 2171 2407 2243; x_wconf 91' lang='lat' dir='ltr'><strong>incesta</strong></span> <span class='ocrx_word' id='word_1_107' title='bbox 2441 2170 2869 2255; x_wconf 89' lang='lat' dir='ltr'><strong>miscerent;</strong></span> 
     </span>
     <span class='ocr_line' id='line_1_15' title="bbox 696 2288 2877 2387; baseline 0 -25"><span class='ocrx_word' id='word_1_108' title='bbox 696 2315 838 2364; x_wconf 94' lang='lat' dir='ltr'><strong>nec</strong></span> <span class='ocrx_word' id='word_1_109' title='bbox 871 2291 1516 2387; x_wconf 87' lang='lat' dir='ltr'><strong>intellegebamus,</strong></span> <span class='ocrx_word' id='word_1_110' title='bbox 1572 2288 1849 2363; x_wconf 85' lang='lat' dir='ltr'><strong>fabulis</strong></span> <span class='ocrx_word' id='word_1_111' title='bbox 1892 2291 2034 2364; x_wconf 86' lang='lat' dir='ltr'><strong>ista</strong></span> <span class='ocrx_word' id='word_1_112' title='bbox 2077 2314 2371 2385; x_wconf 89' lang='lat' dir='ltr'><strong>semper</strong></span> <span class='ocrx_word' id='word_1_113' title='bbox 2413 2291 2767 2363; x_wconf 87' lang='lat' dir='ltr'><strong>uentilari</strong></span> <span class='ocrx_word' id='word_1_114' title='bbox 2803 2298 2877 2363; x_wconf 91' lang='lat' dir='ltr'><strong>et</strong></span> 
     </span>
     <span class='ocr_line' id='line_1_16' title="bbox 695 2411 2956 2506; baseline 0 -22"><span class='ocrx_word' id='word_1_115' title='bbox 695 2436 1109 2506; x_wconf 88' lang='lat' dir='ltr'><strong>numquam</strong></span> <span class='ocrx_word' id='word_1_116' title='bbox 1172 2412 1302 2484; x_wconf 93' lang='lat' dir='ltr'><strong>uel</strong></span> <span class='ocrx_word' id='word_1_117' title='bbox 1367 2412 1807 2506; x_wconf 85' lang='lat' dir='ltr'><strong>inuestigari</strong></span> <span class='ocrx_word' id='word_1_118' title='bbox 1871 2411 1998 2483; x_wconf 93' lang='lat' dir='ltr'><strong>uel</strong></span> <span class='ocrx_word' id='word_1_119' title='bbox 2060 2413 2383 2504; x_wconf 89' lang='lat' dir='ltr'><strong>probari,</strong></span> <span class='ocrx_word' id='word_1_120' title='bbox 2458 2434 2601 2483; x_wconf 92' lang='lat' dir='ltr'><strong>nec</strong></span> <span class='ocrx_word' id='word_1_121' title='bbox 2668 2419 2874 2485; x_wconf 89' lang='lat' dir='ltr'><strong>tanto</strong></span> <span class='ocrx_word' id='word_1_122' title='bbox 2904 2443 2956 2484; x_wconf 81' lang='lat'><strong>15</strong></span> 
     </span>
     <span class='ocr_line' id='line_1_17' title="bbox 694 2531 2871 2626; baseline -0.001 -20"><span class='ocrx_word' id='word_1_123' title='bbox 694 2542 1035 2626; x_wconf 87' lang='lat' dir='ltr'><strong>tempore</strong></span> <span class='ocrx_word' id='word_1_124' title='bbox 1091 2556 1352 2605; x_wconf 90' lang='lat' dir='ltr'><strong>ausum</strong></span> <span class='ocrx_word' id='word_1_125' title='bbox 1407 2555 1862 2625; x_wconf 88' lang='lat' dir='ltr'><strong>quemquam</strong></span> <span class='ocrx_word' id='word_1_126' title='bbox 1920 2533 2259 2622; x_wconf 86' lang='lat' dir='ltr'><strong>existere,</strong></span> <span class='ocrx_word' id='word_1_127' title='bbox 2320 2531 2453 2625; x_wconf 92' lang='lat' dir='ltr'><strong>qui</strong></span> <span class='ocrx_word' id='word_1_128' title='bbox 2499 2534 2871 2626; x_wconf 87' lang='lat' dir='ltr'><strong>proderet,</strong></span> 
     </span>
     <span class='ocr_line' id='line_1_18' title="bbox 696 2651 2878 2748; baseline -0 -24"><span class='ocrx_word' id='word_1_129' title='bbox 696 2677 851 2724; x_wconf 94' lang='lat' dir='ltr'><strong>non</strong></span> <span class='ocrx_word' id='word_1_130' title='bbox 898 2661 1189 2725; x_wconf 91' lang='lat' dir='ltr'><strong>tantum</strong></span> <span class='ocrx_word' id='word_1_131' title='bbox 1235 2651 1416 2724; x_wconf 84' lang='lat' dir='ltr'><strong>sacti</strong></span> <span class='ocrx_word' id='word_1_132' title='bbox 1459 2652 1785 2741; x_wconf 90' lang='lat' dir='ltr'><strong>ueniam,</strong></span> <span class='ocrx_word' id='word_1_133' title='bbox 1840 2676 2107 2724; x_wconf 87' lang='lat' dir='ltr'><strong>uerum</strong></span> <span class='ocrx_word' id='word_1_134' title='bbox 2153 2653 2378 2724; x_wconf 91' lang='lat' dir='ltr'><strong>etiam</strong></span> <span class='ocrx_word' id='word_1_135' title='bbox 2412 2652 2677 2724; x_wconf 88' lang='lat' dir='ltr'><strong>indicii</strong></span> <span class='ocrx_word' id='word_1_136' title='bbox 2710 2676 2878 2748; x_wconf 89' lang='lat' dir='ltr'><strong>gra-</strong></span> 
     </span>
     <span class='ocr_line' id='line_1_19' title="bbox 696 2771 2871 2863; baseline 0 -18"><span class='ocrx_word' id='word_1_137' title='bbox 696 2773 879 2845; x_wconf 91' lang='lat' dir='ltr'><strong>tiam</strong></span> <span class='ocrx_word' id='word_1_138' title='bbox 934 2782 1535 2858; x_wconf 81' lang='lat' dir='ltr'><strong>consecuturum3</strong></span> <span class='ocrx_word' id='word_1_139' title='bbox 1595 2771 1877 2843; x_wconf 90' lang='lat' dir='ltr'><strong>malum</strong></span> <span class='ocrx_word' id='word_1_140' title='bbox 1932 2781 2183 2845; x_wconf 88' lang='lat' dir='ltr'><strong>autem</strong></span> <span class='ocrx_word' id='word_1_141' title='bbox 2236 2775 2424 2846; x_wconf 89' lang='lat' dir='ltr'><strong>adeo</strong></span> <span class='ocrx_word' id='word_1_142' title='bbox 2480 2797 2633 2846; x_wconf 90' lang='lat' dir='ltr'><strong>non</strong></span> <span class='ocrx_word' id='word_1_143' title='bbox 2690 2797 2871 2863; x_wconf 92' lang='lat' dir='ltr'><strong>esse,</strong></span> 
     </span>
     <span class='ocr_line' id='line_1_20' title="bbox 697 2893 2877 2966; baseline 0.001 -2"><span class='ocrx_word' id='word_1_144' title='bbox 697 2901 784 2964; x_wconf 95' lang='lat' dir='ltr'><strong>ut</strong></span> <span class='ocrx_word' id='word_1_145' title='bbox 822 2893 1285 2966; x_wconf 87' lang='lat' dir='ltr'><strong>Christianus</strong></span> <span class='ocrx_word' id='word_1_146' title='bbox 1339 2917 1509 2965; x_wconf 90' lang='lat' dir='ltr'><strong>reus</strong></span> <span class='ocrx_word' id='word_1_147' title='bbox 1563 2916 1706 2964; x_wconf 93' lang='lat' dir='ltr'><strong>nec</strong></span> <span class='ocrx_word' id='word_1_148' title='bbox 1752 2894 2223 2965; x_wconf 87' lang='lat' dir='ltr'><strong>erubesceret</strong></span> <span class='ocrx_word' id='word_1_149' title='bbox 2275 2917 2414 2965; x_wconf 91' lang='lat' dir='ltr'><strong>nec</strong></span> <span class='ocrx_word' id='word_1_150' title='bbox 2460 2893 2758 2966; x_wconf 89' lang='lat' dir='ltr'><strong>timeret</strong></span> <span class='ocrx_word' id='word_1_151' title='bbox 2802 2902 2877 2966; x_wconf 91' lang='lat' dir='ltr'><strong>et</strong></span> 
     </span>
     <span class='ocr_line' id='line_1_21' title="bbox 698 3012 2956 3108; baseline -0.001 -22"><span class='ocrx_word' id='word_1_152' title='bbox 698 3038 935 3086; x_wconf 89' lang='lat' dir='ltr'><strong>unum</strong></span> <span class='ocrx_word' id='word_1_153' title='bbox 998 3013 1485 3104; x_wconf 87' lang='lat' dir='ltr'><strong>solummodo,</strong></span> <span class='ocrx_word' id='word_1_154' title='bbox 1559 3014 1761 3106; x_wconf 87' lang='lat' dir='ltr'><strong>quod</strong></span> <span class='ocrx_word' id='word_1_155' title='bbox 1825 3037 1979 3085; x_wconf 94' lang='lat' dir='ltr'><strong>non</strong></span> <span class='ocrx_word' id='word_1_156' title='bbox 2043 3021 2216 3086; x_wconf 90' lang='lat' dir='ltr'><strong>ante</strong></span> <span class='ocrx_word' id='word_1_157' title='bbox 2296 3012 2543 3104; x_wconf 85' lang='lat' dir='ltr'><strong>fuerit,</strong></span> <span class='ocrx_word' id='word_1_158' title='bbox 2612 3015 2875 3108; x_wconf 89' lang='lat' dir='ltr'><strong>paeni·</strong></span> <span class='ocrx_word' id='word_1_159' title='bbox 2901 3043 2956 3085; x_wconf 83' lang='lat'><strong>20</strong></span> 
     </span>
     <span class='ocr_line' id='line_1_22' title="bbox 629 3133 2877 3230; baseline -0 -23"><span class='ocrx_word' id='word_1_160' title='bbox 629 3162 665 3216; x_wconf 87' lang='lat'><strong>3</strong></span> <span class='ocrx_word' id='word_1_161' title='bbox 701 3141 914 3207; x_wconf 85' lang='lat' dir='ltr'><strong>teret.</strong></span> <span class='ocrx_word' id='word_1_162' title='bbox 1005 3159 1142 3206; x_wconf 94' lang='lat' dir='ltr'><strong>nos</strong></span> <span class='ocrx_word' id='word_1_163' title='bbox 1193 3143 1446 3207; x_wconf 90' lang='lat' dir='ltr'><strong>tamen</strong></span> <span class='ocrx_word' id='word_1_164' title='bbox 1501 3158 1670 3206; x_wconf 90' lang='lat' dir='ltr'><strong>cum</strong></span> <span class='ocrx_word' id='word_1_165' title='bbox 1726 3133 2145 3230; x_wconf 86' lang='lat' dir='ltr'><strong>sacrilegos,</strong></span> <span class='ocrx_word' id='word_1_166' title='bbox 2203 3134 2609 3229; x_wconf 88' lang='lat' dir='ltr'><strong>parricidas</strong></span> <span class='ocrx_word' id='word_1_167' title='bbox 2656 3135 2877 3206; x_wconf 87' lang='lat' dir='ltr'><strong>alios-</strong></span> 
     </span>
     <span class='ocr_line' id='line_1_23' title="bbox 702 3253 2877 3347; baseline 0 -21"><span class='ocrx_word' id='word_1_168' title='bbox 702 3278 849 3347; x_wconf 92' lang='lat' dir='ltr'><strong>que</strong></span> <span class='ocrx_word' id='word_1_169' title='bbox 907 3253 1256 3328; x_wconf 90' lang='lat' dir='ltr'><strong>scelestos</strong></span> <span class='ocrx_word' id='word_1_170' title='bbox 1310 3255 1537 3327; x_wconf 90' lang='lat' dir='ltr'><strong>etiam</strong></span> <span class='ocrx_word' id='word_1_171' title='bbox 1591 3254 2104 3328; x_wconf 87' lang='lat' dir='ltr'><strong>defendendos</strong></span> <span class='ocrx_word' id='word_1_172' title='bbox 2166 3263 2239 3327; x_wconf 92' lang='lat' dir='ltr'><strong>et</strong></span> <span class='ocrx_word' id='word_1_173' title='bbox 2283 3256 2599 3327; x_wconf 90' lang='lat' dir='ltr'><strong>tuendos</strong></span> <span class='ocrx_word' id='word_1_174' title='bbox 2645 3257 2877 3327; x_wconf 88' lang='lat' dir='ltr'><strong>susci-</strong></span> 
     </span>
    </p>
   </div>
   <div class='ocr_carea' id='block_1_3' title="bbox 641 3548 2949 4318">
    <p class='ocr_par' dir='ltr' id='par_1_3' title="bbox 701 3548 2949 4232">
     <span class='ocr_line' id='line_1_24' title="bbox 857 3548 2876 3626; baseline 0 -21"><span class='ocrx_word' id='word_1_175' title='bbox 857 3550 890 3605; x_wconf 88' lang='lat'>1</span> <span class='ocrx_word' id='word_1_176' title='bbox 935 3568 1087 3623; x_wconf 88' lang='lat' dir='ltr'><strong>quos</strong></span> <span class='ocrx_word' id='word_1_177' title='bbox 1117 3549 1298 3624; x_wconf 84' lang='lat' dir='ltr'><strong>longe</strong></span> <span class='ocrx_word' id='word_1_178' title='bbox 1328 3569 1438 3624; x_wconf 91' lang='lat' dir='ltr'><strong>per</strong></span> <span class='ocrx_word' id='word_1_179' title='bbox 1465 3568 1576 3607; x_wconf 91' lang='lat' dir='ltr'><strong>uos</strong></span> <span class='ocrx_word' id='word_1_180' title='bbox 1605 3550 1898 3608; x_wconf 84' lang='lat' dir='ltr'><strong>lacessere</strong></span> <span class='ocrx_word' id='word_1_181' title='bbox 1928 3557 2315 3626; x_wconf 85' lang='lat' dir='ltr'><strong>perseuerant</strong></span> <span class='ocrx_word' id='word_1_182' title='bbox 2342 3566 2477 3607; x_wconf 78' lang='lat' dir='ltr'><strong>nos:</strong></span> <span class='ocrx_word' id='word_1_183' title='bbox 2515 3567 2666 3622; x_wconf 93' lang='lat' dir='ltr'><strong>quos</strong></span> <span class='ocrx_word' id='word_1_184' title='bbox 2696 3548 2876 3625; x_wconf 82' lang='lat' dir='ltr'><strong>longe</strong></span> 
     </span>
     <span class='ocr_line' id='line_1_25' title="bbox 701 3633 2878 3712; baseline 0 -20"><span class='ocrx_word' id='word_1_185' title='bbox 701 3635 768 3692; x_wconf 88' lang='lat' dir='ltr'><strong>in</strong></span> <span class='ocrx_word' id='word_1_186' title='bbox 812 3635 1083 3693; x_wconf 87' lang='lat' dir='ltr'><strong>coetibus</strong></span> <span class='ocrx_word' id='word_1_187' title='bbox 1126 3655 1236 3712; x_wconf 87' lang='lat' dir='ltr'><strong>per</strong></span> <span class='ocrx_word' id='word_1_188' title='bbox 1278 3653 1390 3692; x_wconf 87' lang='lat' dir='ltr'><strong>uos</strong></span> <span class='ocrx_word' id='word_1_189' title='bbox 1433 3636 1807 3694; x_wconf 86' lang='lat' dir='ltr'><strong>lacessebant</strong></span> <span class='ocrx_word' id='word_1_190' title='bbox 1849 3636 1925 3708; x_wconf 89' lang='lat' dir='ltr'><strong>P;</strong></span> <span class='ocrx_word' id='word_1_191' title='bbox 1972 3637 2039 3692; x_wconf 88' lang='lat' dir='ltr'><strong>in</strong></span> <span class='ocrx_word' id='word_1_192' title='bbox 2085 3635 2358 3694; x_wconf 86' lang='lat' dir='ltr'><strong>coetibus</strong></span> <span class='ocrx_word' id='word_1_193' title='bbox 2403 3652 2549 3693; x_wconf 80' lang='lat' dir='ltr'><strong>corr.</strong></span> <span class='ocrx_word' id='word_1_194' title='bbox 2585 3633 2657 3692; x_wconf 80' lang='lat' dir='ltr'><strong>in</strong></span> <span class='ocrx_word' id='word_1_195' title='bbox 2701 3636 2878 3692; x_wconf 91' lang='lat' dir='ltr'><strong>inno-</strong></span> 
     </span>
     <span class='ocr_line' id='line_1_26' title="bbox 703 3718 2872 3802; baseline 0 -24"><span class='ocrx_word' id='word_1_196' title='bbox 703 3719 976 3779; x_wconf 86' lang='lat' dir='ltr'><strong>centibus</strong></span> <span class='ocrx_word' id='word_1_197' title='bbox 1005 3720 1376 3778; x_wconf 76' lang='lat' dir='ltr'><strong>insemimus</strong></span> <span class='ocrx_word' id='word_1_198' title='bbox 1391 3726 1532 3796; x_wconf 83' lang='lat' dir='ltr'><strong>post</strong></span> <span class='ocrx_word' id='word_1_199' title='bbox 1550 3721 1852 3780; x_wconf 83' lang='lat' dir='ltr'><strong>mentibus</strong></span> <span class='ocrx_word' id='word_1_200' title='bbox 1883 3718 1908 3802; x_wconf 79' lang='grc' dir='ltr'>Η</span> <span class='ocrx_word' id='word_1_201' title='bbox 1941 3725 1982 3780; x_wconf 91' lang='grc'>4</span> <span class='ocrx_word' id='word_1_202' title='bbox 2014 3721 2225 3781; x_wconf 82' lang='lat' dir='ltr'><strong>timeas</strong></span> <span class='ocrx_word' id='word_1_203' title='bbox 2255 3721 2429 3780; x_wconf 70' lang='lat' dir='ltr'><strong>codem</strong></span> <span class='ocrx_word' id='word_1_204' title='bbox 2446 3720 2872 3780; x_wconf 69' lang='lat' dir='ltr'><strong>Bruxellmsis:</strong></span> 
     </span>
     <span class='ocr_line' id='line_1_27' title="bbox 701 3799 2880 3887; baseline 0 -22"><span class='ocrx_word' id='word_1_205' title='bbox 701 3807 924 3865; x_wconf 88' lang='lat' dir='ltr'><strong>timens</strong></span> <span class='ocrx_word' id='word_1_206' title='bbox 971 3803 1028 3884; x_wconf 89' lang='lat' dir='ltr'><strong>(n</strong></span> <span class='ocrx_word' id='word_1_207' title='bbox 1059 3805 1372 3882; x_wconf 70' lang='lat' dir='ltr'><strong>punctam)</strong></span> <span class='ocrx_word' id='word_1_208' title='bbox 1419 3807 1468 3864; x_wconf 94' lang='lat' dir='ltr'>P</span> <span class='ocrx_word' id='word_1_209' title='bbox 1498 3806 1525 3884; x_wconf 76' lang='lat' dir='ltr'>H</span> <span class='ocrx_word' id='word_1_210' title='bbox 1557 3808 1755 3866; x_wconf 86' lang='lat' dir='ltr'><strong>oderis</strong></span> <span class='ocrx_word' id='word_1_211' title='bbox 1788 3806 2261 3868; x_wconf 62' lang='lat' dir='ltr'><strong>Weimhemius:</strong></span> <span class='ocrx_word' id='word_1_212' title='bbox 2314 3807 2599 3866; x_wconf 86' lang='lat' dir='ltr'><strong>metueris</strong></span> <span class='ocrx_word' id='word_1_213' title='bbox 2628 3807 2678 3864; x_wconf 94' lang='lat' dir='ltr'>P</span> <span class='ocrx_word' id='word_1_214' title='bbox 2722 3799 2742 3887; x_wconf 86' lang='grc' dir='ltr'><strong>ΙΙ</strong></span> <span class='ocrx_word' id='word_1_215' title='bbox 2784 3807 2880 3865; x_wconf 89' lang='lat' dir='ltr'><strong>in—</strong></span> 
     </span>
     <span class='ocr_line' id='line_1_28' title="bbox 703 3889 2880 3974; baseline 0 -24"><span class='ocrx_word' id='word_1_216' title='bbox 703 3894 950 3952; x_wconf 83' lang='lat' dir='ltr'><strong>festares</strong></span> <span class='ocrx_word' id='word_1_217' title='bbox 1009 3892 1064 3952; x_wconf 87' lang='lat' dir='ltr'><strong>si</strong></span> <span class='ocrx_word' id='word_1_218' title='bbox 1116 3893 1165 3950; x_wconf 94' lang='lat' dir='ltr'>P</span> <span class='ocrx_word' id='word_1_219' title='bbox 1209 3911 1289 3952; x_wconf 88' lang='lat' dir='ltr'><strong>m.</strong></span> <span class='ocrx_word' id='word_1_220' title='bbox 1322 3894 1371 3952; x_wconf 91' lang='lat'><strong>1.</strong></span> <span class='ocrx_word' id='word_1_221' title='bbox 1416 3889 1442 3973; x_wconf 82' lang='grc' dir='ltr'>Η</span> <span class='ocrx_word' id='word_1_222' title='bbox 1482 3894 1523 3952; x_wconf 89' lang='grc'>8</span> <span class='ocrx_word' id='word_1_223' title='bbox 1569 3895 1641 3952; x_wconf 91' lang='lat' dir='ltr'><strong>de</strong></span> <span class='ocrx_word' id='word_1_224' title='bbox 1694 3892 1925 3953; x_wconf 76' lang='lat' dir='ltr'><strong>addidit</strong></span> <span class='ocrx_word' id='word_1_225' title='bbox 1959 3893 2167 3955; x_wconf 79' lang='lat' dir='ltr'><strong>Carrio</strong></span> <span class='ocrx_word' id='word_1_226' title='bbox 2209 3890 2235 3974; x_wconf 81' lang='grc' dir='ltr'>Η</span> <span class='ocrx_word' id='word_1_227' title='bbox 2285 3894 2365 3953; x_wconf 89' lang='grc'><strong>10</strong></span> <span class='ocrx_word' id='word_1_228' title='bbox 2408 3894 2661 3953; x_wconf 85' lang='lat' dir='ltr'><strong>fecimus</strong></span> <span class='ocrx_word' id='word_1_229' title='bbox 2706 3891 2880 3968; x_wconf 78' lang='lat' dir='ltr'><strong>Wop-</strong></span> 
     </span>
     <span class='ocr_line' id='line_1_29' title="bbox 703 3973 2881 4060; baseline 0 -24"><span class='ocrx_word' id='word_1_230' title='bbox 703 3977 971 4038; x_wconf 75' lang='lat' dir='ltr'><strong>kemsius:</strong></span> <span class='ocrx_word' id='word_1_231' title='bbox 1033 3980 1260 4038; x_wconf 86' lang='lat' dir='ltr'><strong>fuimus</strong></span> <span class='ocrx_word' id='word_1_232' title='bbox 1313 3980 1362 4038; x_wconf 94' lang='lat' dir='ltr'>P</span> <span class='ocrx_word' id='word_1_233' title='bbox 1417 3979 1440 4058; x_wconf 85' lang='grc' dir='ltr'><strong>ΙΙ</strong></span> <span class='ocrx_word' id='word_1_234' title='bbox 1498 3981 1577 4038; x_wconf 84' lang='grc'><strong>12</strong></span> <span class='ocrx_word' id='word_1_235' title='bbox 1631 3982 1847 4040; x_wconf 87' lang='lat' dir='ltr'><strong>haebet</strong></span> <span class='ocrx_word' id='word_1_236' title='bbox 1898 3988 1995 4040; x_wconf 73' lang='lat' dir='ltr'><strong>see</strong></span> <span class='ocrx_word' id='word_1_237' title='bbox 2050 4001 2114 4040; x_wconf 93' lang='lat' dir='ltr'><strong>es</strong></span> <span class='ocrx_word' id='word_1_238' title='bbox 2168 3976 2287 4060; x_wconf 68' lang='lat' dir='ltr'><strong>(see</strong></span> <span class='ocrx_word' id='word_1_239' title='bbox 2341 3977 2713 4057; x_wconf 69' lang='lat' dir='ltr'><strong>eapumtum)</strong></span> <span class='ocrx_word' id='word_1_240' title='bbox 2760 3980 2808 4037; x_wconf 93' lang='lat' dir='ltr'>P</span> <span class='ocrx_word' id='word_1_241' title='bbox 2860 3973 2881 4060; x_wconf 82' lang='grc' dir='ltr'><strong>ΙΙ</strong></span> 
     </span>
     <span class='ocr_line' id='line_1_30' title="bbox 710 4066 2949 4146; baseline 0.001 -24"><span class='ocrx_word' id='word_1_242' title='bbox 710 4067 791 4122; x_wconf 89' lang='grc'><strong>14</strong></span> <span class='ocrx_word' id='word_1_243' title='bbox 834 4066 1055 4124; x_wconf 86' lang='lat' dir='ltr'><strong>fabulis</strong></span> <span class='ocrx_word' id='word_1_244' title='bbox 1099 4067 1216 4126; x_wconf 82' lang='lat' dir='ltr'><strong>ista</strong></span> <span class='ocrx_word' id='word_1_245' title='bbox 1259 4082 1402 4125; x_wconf 76' lang='lat' dir='ltr'><strong>nos:</strong></span> <span class='ocrx_word' id='word_1_246' title='bbox 1451 4067 1523 4125; x_wconf 84' lang='lat' dir='ltr'><strong>ab</strong></span> <span class='ocrx_word' id='word_1_247' title='bbox 1568 4067 1667 4126; x_wconf 86' lang='lat' dir='ltr'><strong>his</strong></span> <span class='ocrx_word' id='word_1_248' title='bbox 1695 4068 1927 4128; x_wconf 84' lang='lat' dir='ltr'><strong>fabulas</strong></span> <span class='ocrx_word' id='word_1_249' title='bbox 1972 4069 2118 4127; x_wconf 86' lang='lat' dir='ltr'><strong>istas</strong></span> <span class='ocrx_word' id='word_1_250' title='bbox 2161 4068 2210 4126; x_wconf 93' lang='lat' dir='ltr'>P</span> <span class='ocrx_word' id='word_1_251' title='bbox 2244 4066 2266 4146; x_wconf 82' lang='grc' dir='ltr'>Η</span> <span class='ocrx_word' id='word_1_252' title='bbox 2302 4067 2382 4126; x_wconf 87' lang='grc'><strong>16</strong></span> <span class='ocrx_word' id='word_1_253' title='bbox 2428 4087 2640 4126; x_wconf 86' lang='lat' dir='ltr'><strong>ausum</strong></span> <span class='ocrx_word' id='word_1_254' title='bbox 2671 4086 2882 4141; x_wconf 90' lang='lat' dir='ltr'><strong>quem-</strong></span> <span class='ocrx_word' id='word_1_255' title='bbox 2944 4120 2949 4124; x_wconf 75' lang='grc'><em>,</em></span> 
     </span>
     <span class='ocr_line' id='line_1_31' title="bbox 707 4149 2883 4232; baseline 0.001 -24"><span class='ocrx_word' id='word_1_256' title='bbox 707 4171 887 4226; x_wconf 85' lang='lat' dir='ltr'><strong>quam</strong></span> <span class='ocrx_word' id='word_1_257' title='bbox 929 4168 1068 4211; x_wconf 78' lang='lat' dir='ltr'><strong>nos:</strong></span> <span class='ocrx_word' id='word_1_258' title='bbox 1117 4154 1381 4228; x_wconf 82' lang='lat' dir='ltr'><strong>aliquem</strong></span> <span class='ocrx_word' id='word_1_259' title='bbox 1409 4153 1458 4210; x_wconf 99' lang='lat' dir='ltr'>P</span> <span class='ocrx_word' id='word_1_260' title='bbox 1501 4149 1526 4232; x_wconf 81' lang='grc' dir='ltr'>Η</span> <span class='ocrx_word' id='word_1_261' title='bbox 1572 4155 1650 4211; x_wconf 84' lang='grc'><strong>21</strong></span> <span class='ocrx_word' id='word_1_262' title='bbox 1700 4153 2043 4232; x_wconf 84' lang='lat' dir='ltr'><strong>sacrilegos,</strong></span> <span class='ocrx_word' id='word_1_263' title='bbox 2091 4156 2420 4232; x_wconf 81' lang='lat' dir='ltr'><strong>parricidas</strong></span> <span class='ocrx_word' id='word_1_264' title='bbox 2449 4155 2720 4227; x_wconf 88' lang='lat' dir='ltr'><strong>aliosque</strong></span> <span class='ocrx_word' id='word_1_265' title='bbox 2752 4173 2883 4212; x_wconf 90' lang='lat' dir='ltr'><strong>sce-</strong></span> 
     </span>
    </p>

    <p class='ocr_par' dir='ltr' id='par_1_4' title="bbox 641 4237 2654 4318">
     <span class='ocr_line' id='line_1_32' title="bbox 641 4237 2654 4318; baseline 0.002 -24"><span class='ocrx_word' id='word_1_266' title='bbox 641 4303 648 4310; x_wconf 32' lang='lat'><strong>·</strong></span> <span class='ocrx_word' id='word_1_267' title='bbox 705 4237 892 4296; x_wconf 85' lang='lat' dir='ltr'><strong>lestos</strong></span> <span class='ocrx_word' id='word_1_268' title='bbox 935 4256 1073 4299; x_wconf 77' lang='lat' dir='ltr'><strong>nos:</strong></span> <span class='ocrx_word' id='word_1_269' title='bbox 1120 4239 1444 4316; x_wconf 84' lang='lat' dir='ltr'><strong>sacrilegos</strong></span> <span class='ocrx_word' id='word_1_270' title='bbox 1489 4241 1726 4315; x_wconf 87' lang='lat' dir='ltr'><strong>aliquos</strong></span> <span class='ocrx_word' id='word_1_271' title='bbox 1772 4248 1832 4299; x_wconf 87' lang='lat' dir='ltr'><strong>et</strong></span> <span class='ocrx_word' id='word_1_272' title='bbox 1874 4242 2133 4301; x_wconf 87' lang='lat' dir='ltr'><strong>incestos</strong></span> <span class='ocrx_word' id='word_1_273' title='bbox 2177 4241 2505 4318; x_wconf 83' lang='lat' dir='ltr'><strong>parricidas</strong></span> <span class='ocrx_word' id='word_1_274' title='bbox 2549 4241 2597 4298; x_wconf 94' lang='lat' dir='ltr'>P</span> <span class='ocrx_word' id='word_1_275' title='bbox 2629 4238 2654 4317; x_wconf 79' lang='grc' dir='ltr'><strong>ΙΙ</strong></span> 
     </span>
    </p>
   </div>
  </div>
 </body>
</html>
