3309 5192
1361 546 1776 620 -37-

479 781 671 851 quae
736 753 1035 828 fuerant
1099 757 1492 850 adsumpta
1545 755 1845 829 solacia.
1937 756 2262 850 denique
2319 766 2395 830 et
2446 767 2656 832 ante·
2690 777 2726 832 6

479 902 706 971 quam
760 875 1224 949 commerciis
1274 877 1474 949 orbis
1517 885 1811 970 pateret
1846 883 1922 948 et
1959 885 2359 970 antequam
2396 889 2655 976 gentes

476 999 662 1071 ritus
718 1023 889 1070 suos
951 1021 1346 1091 moresque
1401 997 1823 1087 miscerent,
1896 1021 2394 1092 unaquaeque
2448 1001 2653 1073 natio

482 1119 945 1192 conditorem
983 1141 1202 1190 suum
1252 1127 1380 1190 aut
1424 1118 1693 1190 ducem
1734 1117 2103 1213 inclytum
2148 1127 2277 1191 aut
2319 1120 2657 1216 reginam

430 1272 456 1312 5
482 1263 664 1311 sexu
717 1263 852 1311 suo
916 1235 1301 1312 fortiorem
1355 1247 1482 1311 aut
1543 1238 1861 1311 alicuius
1915 1240 2243 1312 muneris
2296 1238 2424 1311 uel
2477 1241 2657 1312 artis

483 1369 942 1454 repertorem
984 1361 1490 1432 uenerabatur
1533 1368 1618 1432 ut
1653 1361 1901 1432 ciuem
1936 1362 2178 1433 bonae
2216 1362 2649 1434 memoriae:

485 1480 587 1552 sic
625 1488 698 1554 et
742 1478 1114 1553 defunctis
1162 1480 1583 1574 praemium
1621 1489 1696 1552 et
1740 1477 2013 1552 futuris
2050 1481 2366 1553 dabatur
2402 1506 2655 1554 exem-

481 1600 711 1694 plum.
802 1601 971 1696 lege
1007 1601 1534 1674 historicorum
1571 1600 1848 1694 scripta
1884 1600 2012 1672 uel
2046 1601 2321 1695 scripta
2356 1600 2754 1694 sapien-21

475 1722 690 1794 tium:
736 1724 1000 1795 eadem
1035 1746 1330 1794 mecum
1365 1745 1876 1816 recognosces.
1943 1723 2039 1793 ob
2066 1721 2331 1793 merita
2356 1721 2654 1795 uirtutis

396 1874 448 1915 10
473 1852 604 1915 aut
669 1843 1002 1916 muneris
1071 1844 1248 1915 deos
1316 1841 1614 1914 habitos
1682 1829 2152 1914 Euhemerus
2220 1841 2655 1935 exsequitur

475 1972 550 2036 et
594 1987 856 2036 eorum
898 1962 1186 2036 natales
1231 1962 1509 2058 patrias
1557 1962 1903 2056 sepulcra
1948 1963 2371 2034 dinumerat
2407 1971 2485 2034 et
2516 1987 2656 2057 per
2740 2031 2745 2034 .

473 2084 902 2178 prouincias
947 2090 1330 2174 monstrat,
1385 2083 1703 2155 Dictaei'
1719 2081 1925 2154 Iouis
1963 2090 2037 2155 et
2064 2081 2445 2176 Apollinis
2472 2082 2653 2156 Del-

474 2203 685 2297 phici
732 2211 808 2277 et
854 2204 1176 2276 Phariae
1211 2203 1431 2276 Isidis
1469 2212 1546 2276 et
1592 2203 1884 2276 Cereris
1920 2201 2376 2274 Eleusiniae.
2467 2202 2651 2275 Pro·
2688 2224 2725 2278 2

482 2324 690 2396 dicus
725 2327 1152 2419 adsumptos
1178 2325 1258 2396 in
1297 2326 1476 2397 deos
1504 2324 1862 2417 loquitur,
1903 2323 2035 2417 qui
2069 2323 2398 2396 inuentis
2433 2325 2653 2395 nouis

397 2477 450 2518 ιε,
477 2441 818 2540 frugibus
869 2444 1178 2518 utilitati
1223 2445 1614 2518 hominum
1650 2441 2118 2539 profuerunt.
2203 2444 2282 2515 in
2338 2445 2652 2516 eandem

476 2565 923 2638 sententiam
969 2574 1044 2638 et
1091 2565 1456 2638 Persaeus
1499 2564 2096 2660 philosophatur,
2154 2566 2285 2636 sed
2338 2564 2470 2657 qui
2522 2567 2654 2637 ad-

473 2686 708 2758 nectit
746 2685 1095 2757 inuentas
1130 2681 1382 2781 fruges
1419 2696 1494 2760 et
1527 2683 1831 2782 frugum
1867 2687 2200 2780 ipsarum
2233 2693 2653 2780 repertores

474 2807 711 2878 isdem
763 2805 1216 2895 nominibuS,
1271 2815 1357 2880 ut
1409 2807 1738 2879 comicus
1786 2831 2027 2879 sermo
2084 2815 2216 2897 est,
2275 2806 2652 2880 Venerem

476 2928 636 2999 sine
663 2926 939 2999 Libero
963 2934 1039 2998 et
1067 2925 1338 2998 Cerere
1359 2924 1660 3023 frigere.
1702 2927 2137 2999 Alexander
2161 2926 2296 3000 1116
2324 2927 2650 3024 Magnus
2687 2947 2722 3002 3

388 3080 446 3123 20
474 3047 798 3120 Macedo
842 3046 1122 3142 insigni
1165 3046 1550 3120 uolumine
1600 3050 1697 3120 ad
1732 3056 2047 3120 matrem
2084 3071 2294 3119 suam
2330 3049 2646 3142 scripsit,

473 3177 679 3241 metu
733 3191 910 3240 suae
979 3169 1367 3261 potestatis
1432 3168 1816 3262 proditum
1869 3167 2013 3239 sibi
2066 3167 2158 3238 de
2215 3167 2354 3238 diis
2409 3168 2653 3239 homi-

470 3287 693 3360 nibus
729 3313 805 3359 ·a
869 3291 1250 3361 sacerdote
1306 3296 1703 3361 secretum:
1772 3285 1932 3358 illic
1986 3286 2416 3358 Vulcanum
2469 3284 2651 3360 facit

423 3421 430 3431 '
472 3408 808 3481 omnium
843 3409 1289 3504 principem,
1331 3417 1406 3481 et
1437 3415 1699 3503 postea
1732 3406 1939 3480 Iouis
1984 3416 2308 3502 gentem.
2392 3407 2646 3481 Satur·
2684 3429 2719 3482 4

621 3581 662 3639 4
706 3582 977 3658 reginam
1019 3596 1158 3640 ‘nost
1205 3582 1474 3658 reginam
1503 3580 1787 3658 pudicam
1814 3582 1863 3638 P
1906 3576 1933 3659 ΙΙ
1976 3579 2016 3637 8
2061 3579 2488 3638 historicorum
2539 3579 2650 3638 Ur-

469 3665 669 3726 sinus:
696 3667 1088 3728 stoicorumP
1120 3665 1147 3746 ΙΙ
1182 3667 1263 3727 10
1281 3669 1653 3726 Euhemerus
1675 3665 1980 3727 Gelenius:
2004 3666 2298 3725 erueretP
2329 3661 2355 3745 ΙΙ
2391 3669 2469 3725 12
2488 3667 2650 3726 dicta

472 3753 694 3812 eiiouis
738 3754 805 3826 P,
855 3754 914 3812 61
957 3772 1105 3814 corr.
1136 3753 1206 3813 in
1249 3763 1311 3813 et
1340 3750 1366 3833 ΙΙ
1399 3753 1669 3830 delphici
1713 3762 1773 3813 et
1802 3754 2045 3830 phariae
2089 3768 2143 3811 r:
2195 3753 2437 3812 delfices
2466 3754 2649 3812 fariae

471 3834 637 3917 (corr.
671 3858 753 3898 m.
791 3840 835 3898 2
864 3841 1006 3900 delfi
1036 3849 1096 3899 et
1124 3838 1347 3918 pariae)
1392 3842 1440 3898 P
1472 3836 1498 3920 ΙΙ
1541 3839 1620 3899 13
1668 3840 1959 3899 Prodicus
1989 3837 2312 3915 Riyaltiws:
2359 3840 2651 3916 prodigus

468 3926 519 3984 P
551 3923 576 4006 Η
621 3927 701 3985 14
748 3926 856 4001 qui
902 3925 1195 3988 Svoboda:
1245 3928 1351 4002 qui
1392 3928 1638 3986 errando
1685 3929 1733 3984 P
1774 3923 1799 4004 ΙΙ
1842 3926 1922 3985 16
1966 3943 2213 4002 perseus
2255 3925 2304 3982 P
2335 3920 2360 4004 ΙΙ
2393 3926 2499 3983 sed
2544 3926 2651 4000 qui

470 4029 609 4072 nos:
659 4019 719 4072 et
745 4007 792 4071 llll
819 4013 1081 4073 adnectit
1124 4013 1173 4070 P
1205 4009 1230 4091 ΙΙ
1264 4013 1344 4071 22
1391 4013 1523 4072 illic
1552 4011 1876 4088 Riqaltius:
1923 4012 2023 4070 illi
2065 4012 2115 4069 P
2146 4007 2171 4090 ΙΙ
2204 4010 2285 4069 23
2319 4015 2463 4086 post
2504 4031 2651 4086 gen-

469 4107 594 4158 tem
637 4105 965 4175 seqwuntur
1006 4099 1077 4159 in
1111 4099 1304 4158 codice
1346 4099 1396 4156 P
1438 4097 1644 4157 uerba:
1694 4107 1755 4158 et
1799 4098 2061 4175 despicis
2104 4096 2279 4155 isidis
2323 4099 2399 4154 ad
2442 4097 2653 4156 hirun-
2774 4119 2781 4124 ·

472 4185 674 4244 dinem
718 4186 962 4245 sistrum
1009 4194 1070 4245 et
1112 4185 1413 4262 adsparsis
1451 4186 1735 4244 membris
1779 4186 2016 4243 inanem
2058 4185 2150 4242 tui
2181 4183 2487 4260 Serapidis
2518 4185 2649 4243 siue

473 4273 670 4330 Osiris
687 4273 1007 4331 tumulum.
1057 4273 1366 4331 considera
1382 4271 1642 4346 denique
1662 4267 1747 4350 (p.
1765 4271 1865 4348 39,
1880 4267 1981 4347 20)
2011 4313 2152 4330 .....
2179 4290 2313 4328 611111
2327 4271 2407 4329 sit
2419 4272 2643 4330 ueritas
