3309 5192
1325 545 1742 619 -47-

441 751 736 824 inuenit
789 760 865 826 et
919 752 1172 844 coluit,
1239 754 1611 827 Pauorem
1662 753 2035 828 Hostilius
2089 765 2314 850 atque
2370 757 2619 830 Pallo-

439 895 634 957 rem3
668 896 846 945 mox
873 897 918 944 a
943 873 1198 946 nescio
1229 899 1378 968 quo
1403 874 1667 947 Febris
1696 876 2067 950 dedicata:
2100 877 2288 950 haec
2316 879 2620 952 alumna

441 993 646 1065 urbis
688 994 901 1066 istius
948 996 1396 1088 superstitio,
1455 996 1699 1068 morbi
1736 1004 1809 1068 et
1845 997 2086 1070 malae
2122 997 2616 1072 ualetudines.

440 1137 616 1186 sane
686 1121 762 1186 et
831 1114 1040 1187 Acca
1089 1116 1446 1188 Larentia
1511 1124 1586 1188 et
1647 1116 1892 1207 Flora,
1959 1119 2389 1192 meretrices
2442 1143 2617 1213 pro-

391 1265 417 1306 5
443 1233 828 1328 pudiosae,
857 1234 1057 1307 inter
1090 1235 1526 1311 inmortales
1553 1237 2066 1310 Romanorum
2106 1247 2180 1313 et
2208 1239 2385 1311 deos
2415 1262 2615 1311 com-

439 1356 844 1448 putandae.
924 1356 1048 1428 isti
1085 1356 1374 1430 scilicet
1408 1359 1763 1430 aduersus
1802 1366 2111 1448 ceteros,
2153 1359 2284 1451 qui
2318 1359 2399 1431 in
2435 1382 2617 1454 gen-
2653 1375 2687 1429 9

439 1477 638 1548 tibus
711 1476 1170 1569 colebantur,
1243 1477 1755 1550 Romanorum
1817 1478 2219 1571 imperium
2282 1479 2617 1572 protule-

439 1605 648 1683 runt;
706 1621 954 1690 neque
1013 1598 1214 1670 enim
1269 1622 1396 1670 eos
1444 1600 1843 1670 aduersum
1888 1621 2059 1670 suos
2103 1599 2445 1671 homines
2491 1600 2618 1671 uel

437 1715 648 1789 Mars
686 1718 1050 1790 Thracius
1087 1719 1213 1791 uel
1247 1719 1593 1812 Iuppiter
1630 1717 1967 1791 Creticus
2003 1718 2133 1792 uel
2176 1719 2368 1791 Iuno
2412 1745 2617 1792 nunc

361 1870 410 1910 ιο
439 1839 725 1934 Argiua
773 1863 975 1911 nunc
1011 1839 1261 1911 Samia
1309 1863 1512 1910 nunc
1548 1838 1805 1910 Poena
1852 1839 1980 1911 uel
2014 1839 2261 1910 Diana
2298 1840 2617 1913 Taurica

438 1957 566 2030 uel
600 1957 853 2030 Mater
885 1959 1116 2031 Idaea
1160 1960 1286 2032 uel
1321 1958 1698 2054 Aegyptia
1744 1958 1878 2031 illa
1928 1983 2082 2032 non
2130 1961 2442 2032 numina
2486 1962 2616 2032 sed

437 2086 787 2172 portenta
821 2079 1195 2151 iuuerunt.
1263 2080 1408 2151 nisi
1443 2077 1634 2152 forte
1674 2081 1875 2172 apud
1909 2081 2087 2152 istos
2124 2081 2363 2153 maior
2399 2082 2617 2154 casti-
2652 2096 2724 2152 10

440 2207 548 2270 tas
603 2200 982 2294 uirginum
1036 2208 1166 2273 aut
1213 2199 1477 2295 religio
1523 2201 1846 2272 sanctior
1895 2202 2385 2291 sacerdotum,
2446 2225 2615 2274 cum

436 2342 678 2412 paene
714 2319 796 2408 in
841 2320 1182 2414 pluribus
1218 2320 1671 2416 uirginibuS,
1717 2322 1848 2392 sed
1885 2344 2077 2413 quae
2121 2319 2615 2394 inconsultius

361 2472 412 2512 ιε»
439 2463 516 2511 se
543 2440 726 2512 uiris
747 2441 1236 2530 miscuissent,
1252 2440 1485 2512 Vesta
1503 2463 1681 2512 sane
1700 2440 2103 2531 nesciente,
2128 2440 2223 2512 sit
2244 2441 2613 2513 incestum

436 2559 922 2652 uindicatum,
995 2561 1075 2634 in
1147 2560 1464 2633 residuis
1535 2560 2042 2654 inpunitatem
2113 2559 2377 2633 fecerit
2455 2585 2610 2633 non

437 2680 730 2755 castitas
759 2705 803 2752 a
830 2683 1335 2755 sacerdotibus
1371 2682 1623 2771 tutior,
1664 2684 1793 2754 sed
1819 2682 2265 2775 inpudicitia
2292 2680 2607 2754 felicior.

434 2800 567 2872 ubi
620 2809 870 2875 autem
925 2804 1159 2898 magis
1214 2826 1440 2895 quam
1493 2803 1689 2875 inter
1742 2827 1904 2873 aras
1950 2811 2025 2875 et
2074 2802 2387 2875 delubra
2432 2826 2609 2875 con·
2646 2824 2712 2878 11

437 2922 786 2995 dicuntur
821 2932 1100 3017 stupra,
1154 2931 1568 2996 tractantur
1601 2923 2000 3013 lenocinia,
2059 2922 2425 2996 adulteria
2460 2948 2611 2996 me-

355 3071 407 3114 20
436 3042 818 3114 ditantur?
886 3041 1355 3136 frequentius
1394 3044 1717 3136 denique
1752 3043 1835 3114 in
1872 3043 2341 3117 aedituorum
2379 3042 2611 3115 cellu-

431 3161 524 3233 lis
579 3187 804 3256 quam
839 3163 922 3235 in
959 3164 1138 3257 ipsis
1182 3163 1673 3256 lupanaribus
1714 3163 2033 3258 flagrans
2070 3163 2309 3234 libido
2347 3160 2611 3234 defun-

433 3283 650 3377 gitur.
744 3292 819 3356 et
852 3291 1105 3356 tamen
1142 3292 1314 3356 ante
1355 3306 1480 3357 eos
1519 3285 1658 3355 deo
1699 3284 2173 3376 dispensante
2213 3283 2343 3354 diu
2377 3306 2609 3376 regna
2647 3307 2717 3361 12

432 3411 836 3477 tenuerunt
886 3405 1196 3500 Assyrii,
1259 3403 1496 3494 Medi,
1567 3404 1864 3493 Persae,
1922 3402 2198 3475 Graeci
2253 3402 2478 3475 etiam
2535 3410 2609 3474 et

431 3524 810 3620 Aegyptii,
897 3551 1068 3598 cum
1133 3525 1524 3619 pontifices
1597 3534 1672 3598 et
1742 3524 2032 3596 aruales
2099 3532 2173 3596 et
2243 3523 2464 3595 salios
2534 3530 2611 3594 et

351 3674 404 3717 25
431 3645 752 3718 uestales
809 3654 884 3718 et
927 3669 1244 3742 augures
1287 3671 1442 3719 non
1485 3647 1853 3718 haberent
1894 3669 2036 3717 nec
2083 3643 2330 3738 pullos
2377 3667 2609 3715 cauea

583 3923 624 3980 4
667 3923 963 3982 laurentia
991 3925 1040 3980 P
1073 3917 1097 4000 ΙΙ
1131 3921 1168 3981 5
1201 3922 1551 3981 inmortales
1580 3939 1718 3982 nos:
1752 3921 1995 3980 morbos
2024 3921 2073 3978 P
2104 3919 2129 3998 ΙΙ
2166 3921 2247 3980 10
2275 3921 2378 3978 uel
2408 3919 2606 3977 Diana

443 4005 744 4067 Gelenius:
790 4029 951 4068 nunc
995 4008 1170 4067 diana
1213 4009 1262 4066 P
1293 4003 1319 4087 ΙΙ
1349 4009 1583 4086 taur-iga
1626 4009 1676 4066 P
1706 4004 1733 4086 ΙΙ
1780 4009 1857 4066 11
1904 4007 2040 4065 idea
2082 4007 2131 4064 P
2163 4005 2188 4084 ΙΙ
2220 4007 2326 4065 sed
2366 4016 2426 4063 et
2463 4026 2605 4082 por-

431 4102 593 4152 tenta
629 4095 698 4173 P,
745 4094 847 4154 sed
890 4103 951 4154 et
981 4113 1221 4154 eraswm
1263 4090 1288 4174 [Ι
1335 4096 1415 4153 14
1461 4096 1567 4153 sed
1595 4110 1733 4154 nos:
1768 4103 1829 4154 et
1856 4095 1905 4152 P
1945 4091 1970 4170 ΙΙ
2017 4093 2093 4151 17
2130 4115 2163 4150 a
2194 4092 2605 4152 sacerdotibus

429 4197 539 4240 nos
565 4179 954 4260 inseruimuS‚
986 4181 1059 4254 cf.
1087 4200 1148 4240 u.
1179 4181 1259 4240 18
1301 4177 1326 4260 ΙΙ
1369 4181 1448 4239 18
1480 4182 1673 4258 magis
1704 4202 1737 4238 a
1768 4180 2177 4240 sacerdotibus
2206 4179 2255 4237 P
2286 4178 2361 4254 cf.
2386 4197 2446 4236 u.
2472 4180 2548 4236 17
2582 4171 2605 4259 Η

427 4267 492 4325 in
521 4276 708 4327 terras
736 4269 785 4326 P
829 4286 910 4327 m.
945 4269 978 4326 1
1018 4264 1042 4346 ΙΙ
1086 4269 1164 4328 19
1213 4268 1608 4327 condicuntur
1647 4266 1931 4327 Ursinus:
1982 4267 2394 4326 conducuntur
2437 4265 2486 4322 P
2517 4261 2541 4343 ΙΙ
