3309 5192
1345 574 1761 649 -43„..„

463 785 764 880 ingenia
834 807 1240 878 puerorum
1306 793 1380 857 et
1450 786 1689 857 isdem
1752 781 2025 858 fabulis
2077 786 2643 860 inhaerentibus

463 905 796 998 adusque
871 928 1243 976 summum
1303 906 1566 978 aetatis
1633 907 1863 978 robur
1934 906 2375 979 adolescunt
2437 916 2512 981 et
2563 908 2643 979 in

461 1026 698 1098 isdem
779 1023 1261 1118 opinionibus
1331 1025 1585 1098 miseri
1656 1035 2221 1117 consenescunt,
2307 1051 2480 1099 cum
2551 1028 2645 1099 sit

461 1146 738 1217 ueritas
775 1147 1020 1236 obuia,
1068 1147 1198 1218 sed
1234 1147 1811 1238 requirentibus.
1904 1148 2073 1239 quis
2110 1169 2289 1242 ergo
2327 1136 2637 1237 dubitat,
2678 1162 2713 1215 9

405 1297 432 1338 s
459 1266 855 1338 hominum
902 1266 1162 1338 inanes
1207 1266 1570 1360 imagines
1617 1275 2083 1339 consecratas
2120 1265 2393 1362 uulgus
2431 1290 2641 1339 orare

463 1392 542 1458 et
583 1385 886 1481 publice
925 1385 1195 1477 colere,
1256 1388 1435 1458 dum
1471 1387 1726 1481 opinio
1766 1394 1842 1458 et
1875 1411 2087 1459 mens
2122 1388 2641 1481 imperitorum

459 1507 639 1580 artis
695 1506 1198 1580 concinnitate
1255 1507 1648 1600 decipitur,
1707 1508 1871 1578 auri
1907 1504 2203 1602 fulgore
2239 1507 2644 1601 praestrin-

459 1629 684 1723 gitur,
751 1627 1042 1722 argenti
1093 1627 1338 1700 nitore
1394 1635 1470 1699 et
1523 1628 1847 1700 candore
1903 1629 2147 1700 eboris
2200 1628 2641 1699 hebetatur‘.>

460 1748 731 1841 quodsi
780 1747 862 1819 in
927 1748 1261 1820 animum
1315 1748 1479 1841 quis
1532 1748 1863 1839 inducat,
1928 1747 2317 1821 tormentis
2371 1747 2641 1839 quibus
2682 1763 2749 1817 10

379 1900 430 1944 ιο
461 1877 538 1942 et
609 1869 880 1963 quibus
960 1867 1328 1940 machinis
1395 1866 1880 1941 simulacrum
1953 1893 2173 1942 omne
2253 1866 2638 1959 formetur,

461 1991 854 2062 erubescet
905 1988 1170 2061 timere
1225 2012 1302 2060 se
1351 1989 1740 2061 materiem
1784 1991 1878 2061 ab
1924 1990 2231 2079 artifice,
2288 1998 2374 2062 ut
2419 1991 2637 2061 deum

459 2107 766 2200 faceret,
823 2107 1167 2180 inlusam.
1261 2110 1442 2181 deus
1499 2109 1703 2181 enim
1753 2109 2071 2206 ljgneuS,
2143 2109 2277 2203 qui
2330 2134 2640 2205 suspen·
2682 2127 2745 2178 11

461 2229 683 2321 ditur,
739 2229 904 2325 rogi
950 2226 1260 2302 fortasse
1299 2229 1425 2301 uel
1467 2227 1795 2302 infelicis
1842 2229 2113 2325 stipitis
2148 2223 2417 2325 portio,
2478 2255 2643 2303 cae-

463 2351 666 2450 ditur
710 2349 1006 2422 dolatur
1048 2350 1517 2435 runcinatur3
1578 2359 1652 2423 et
1691 2352 1872 2423 deus
1924 2374 2182 2422 aereus
2219 2350 2349 2422 uel
2384 2375 2640 2446 argen-
2685 2368 2747 2421 12

383 2505 433 2546 15
461 2481 628 2544 teus
683 2473 774 2543 de
828 2470 1218 2543 immundo
1273 2470 1603 2561 uascu10,
1661 2479 1746 2543 ut
1782 2470 2177 2565 Serapicus
2222 2468 2463 2542 factus
2507 2470 2643 2543 ille

462 2591 840 2687 Aegyptio
893 2592 1076 2687 regi,
1136 2593 1521 2681 conflatur,
1579 2592 1920 2663 tunditur
1970 2589 2261 2664 malleis
2313 2600 2387 2665 et
2428 2592 2645 2665 incu-

465 2712 684 2784 dibus
727 2711 1118 2806 figuratur;
1177 2721 1251 2784 et
1285 2712 1626 2806 lapideus
1665 2713 1846 2784 deus
1884 2713 2239 2803 caeditur,
2284 2712 2644 2807 scalpitur

465 2841 541 2905 et
594 2834 688 2904 ab
751 2832 1127 2926 impurato
1190 2832 1496 2905 homine
1557 2833 1934 2928 leuigatur
1982 2858 2126 2905 nec
2188 2835 2413 2906 sentit
2465 2859 2643 2907 suae

461 2953 874 3026 natiuitatis
941 2952 1315 3042 iniuriam,
1390 2953 1493 3025 ita
1560 2963 1645 3026 ut
1709 2977 1851 3025 nec
1914 2962 2177 3047 postea
2240 2956 2332 3026 de
2394 2963 2645 3026 uestra

382 3107 434 3149 20
461 3074 950 3147 ueneratione
981 3073 1372 3145 culturam.
1428 3073 1574 3145 nisi
1601 3071 1794 3146 forte
1824 3077 2160 3146 nondum
2179 3075 2360 3146 deus
2379 3099 2642 3147 saxum

465 3206 578 3268 est
639 3194 765 3266 uel
828 3193 1116 3289 lignum
1178 3192 1307 3265 uel
1372 3201 1787 3287 argentum.
1879 3197 2180 3287 quando
2235 3194 2466 3290 igitur
2516 3195 2643 3266 hic

464 3316 839 3388 nascitur?
912 3338 1086 3386 ecce
1141 3311 1483 3387 funditur
1535 3309 1946 3385 fabricatur
1999 3314 2395 3407 sculpitur:
2454 3338 2645 3386 non-
2684 3333 2747 3386 13

467 3436 648 3507 dum
693 3436 874 3507 deus
920 3444 1060 3519 est;
1121 3414 1295 3507 ecce
1339 3433 1773 3529 plumbatur
1810 3434 2260 3506 construitur
2299 3435 2639 3530 erigitur:

465 3581 606 3628 nec
636 3556 881 3628 adhuc
911 3557 1092 3627 deus
1123 3564 1266 3644 est;
1319 3579 1492 3628 ecce
1522 3562 1828 3626 ornatur
1857 3564 2330 3628 consecratur
2358 3563 2637 3628 oratur:

386 3711 440 3754 2⁵
469 3687 648 3748 tunc
702 3685 1077 3771 postremo
1135 3677 1314 3747 deus
1371 3684 1504 3759 est,
1564 3700 1737 3746 cum
1788 3676 2015 3748 homo
2068 3675 2372 3748 nomine
2425 3674 2645 3747 illum

619 3866 656 3924 2
705 3885 1007 3924 summum
1058 3863 1523 3924 Gomwlissenus:
1573 3885 1839 3923 summae
1884 3865 1933 3922 P
1972 3859 1997 3943 ΙΙ
2054 3864 2091 3923 5
2137 3865 2453 3923 hominum
2496 3863 2645 3923 Hal-

465 3951 653 4010 mius:
701 3953 918 4010 horum
963 3952 1012 4009 P
1054 3947 1080 4030 ΙΙ
1124 3953 1330 4010 inanes
1373 3969 1487 4010 nos
1530 3950 1875 4009 addidimus
1926 3947 1953 4030 Η
2011 3952 2087 4009 11-
2134 3944 2490 4010 ‘lllerubescet
2533 3951 2582 4008 P
2626 3944 2645 4032 Η

466 4030 760 4097 materiem}
801 4037 868 4114 P,
918 4045 952 4095 'e
995 4037 1066 4096 in
1109 4054 1327 4095 rasura
1379 4033 1404 4116 ΙΙ
1461 4038 1540 4096 12
1588 4037 1830 4122 lingens
1874 4033 1898 4117 ΙΙ
1953 4037 2061 4112 qui
2104 4037 2491 4114 suspenditur
2532 4055 2645 4096 nos

466 4123 836 4183 inseruimus
892 4122 968 4199 cf.
1014 4141 1075 4182 u.
1129 4124 1210 4181 14
1264 4121 1288 4201 ΙΙ
1345 4123 1424 4182 13
1485 4124 1687 4200 portio
1740 4139 1875 4182 nos:
1932 4123 2132 4200 portio
2188 4124 2577 4200 suspenditur
2626 4117 2646 4204 Η

471 4211 552 4268 14
585 4211 822 4269 ereusP
854 4207 878 4290 Η
914 4210 992 4269 15
1025 4209 1341 4286 Serapicus
1360 4226 1495 4268 nos:
1524 4211 1766 4287 saepius
1789 4210 1839 4267 P
1869 4204 1895 4288 ss
1925 4211 2116 4269 factus
2134 4210 2241 4268 ille
2259 4226 2396 4269 nos:
2422 4211 2644 4268 factum

468 4297 517 4354 P
548 4293 573 4376 Η
609 4299 685 4356 17
721 4298 869 4356 deus
899 4296 1127 4356 addidit
1158 4294 1460 4355 Vahlenus
1497 4291 1522 4375 Η
1565 4297 1646 4354 25
1692 4298 1935 4355 nomine
1964 4314 2076 4355 nos
2103 4295 2473 4355 meruimus
2504 4293 2529 4373 ΙΙ
