3309 5192
1330 581 1745 654 -21—

446 791 806 886 opitulari
871 791 1055 863 suis:
1128 791 1235 862 ita
1297 799 1427 862 aut
1491 789 1873 862 inualidus
1937 801 2067 864 aut
2129 793 2433 884 iniquus
2489 801 2622 866 est.

444 921 550 1002 tu,
619 912 754 1006 qui
815 910 1430 1004 inmortalitatem
1496 919 1669 1004 post
1734 911 1972 982 uitam
2034 912 2380 1003 somnias,
2452 937 2625 985 cum
2660 932 2697 987 3

447 1031 790 1127 periculo
845 1032 1190 1122 quateriS,
1250 1055 1421 1103 cum
1456 1028 1795 1104 febribus
1830 1031 2090 1122 ureriS,
2150 1057 2321 1104 cum
2367 1033 2628 1106 dolore

447 1151 827 1241 laceraris,
885 1153 1212 1224 nondum
1268 1150 1790 1224 condicionem
1844 1160 2052 1224 tuam
2106 1153 2379 1225 sentis?
2437 1176 2629 1225 non-

398 1303 425 1342 5
454 1274 636 1343 dum
671 1271 1060 1366 adgnoscis
1093 1271 1578 1370 fragilitatem
1596 1275 1632 1342 *ἲ
1684 1271 1991 1363 inuitus,
2032 1273 2278 1363 miser,
2318 1273 2628 1346 infirmi-

452 1392 626 1464 tatis
679 1392 1008 1486 argueris
1072 1417 1212 1465 nec
1277 1391 1579 1466 fateris?
1647 1393 1779 1465 sed
1843 1393 2104 1465 omitto
2174 1395 2623 1466 communia.
2664 1413 2699 1466 4

457 1536 627 1584 ecce
678 1512 894 1584 uobis
962 1514 1210 1586 minae
1275 1512 1650 1607 supplicia
1703 1521 2073 1585 tormenta
2142 1521 2217 1585 et
2266 1514 2418 1586 iam
2472 1538 2627 1587 non

453 1634 868 1705 adorandae
922 1636 1054 1706 sed
1108 1635 1541 1706 subeundae
1580 1657 1860 1723 cruceS‚
1916 1634 2129 1731 ignes
2176 1635 2402 1707 etiam
2440 1659 2627 1728 quos

450 1760 524 1825 et
574 1753 1006 1848 praedicitis
1077 1763 1153 1826 et
1203 1755 1513 1826 timetis:
1581 1753 1716 1826 ubi
1784 1754 1966 1826 deus
2027 1753 2182 1846 ille,
2256 1757 2388 1850 qui
2453 1758 2628 1829 sub-

367 1902 419 1944 10
444 1875 706 1947 uenire
760 1875 1407 1948 reuiuescentibus
1462 1883 1731 1968 potest,
1788 1874 2221 1948 uiuentibus
2267 1900 2421 1948 non
2458 1885 2627 1972 pot-

445 1999 600 2067 est‘?
669 2018 927 2068 nonne
972 1995 1298 2068 Romani
1351 1996 1513 2067 sine
1562 2006 1812 2068 uestro
1845 1997 2010 2091 ‘deo
2060 1996 2439 2091 imperant
2489 2020 2627 2091 per
2661 2019 2699 2074 5

442 2138 677 2210 regna
729 2125 806 2188 et
854 2115 1210 2190 fruuntur
1245 2118 1424 2189 orbe
1469 2124 1629 2188 toto
1670 2116 2053 2209 uestrique
2100 2117 2626 2190 dominantur?

443 2259 581 2306 uos
634 2217 846 2307 uero*
873 2238 1214 2330 suspensi
1274 2237 1577 2309 interim
1641 2245 1869 2330 atque
1935 2236 2240 2309 solliciti
2291 2237 2626 2310 honestis

449 2354 966 2450 uoluptatibus
1018 2357 1431 2447 abstinetis,
1488 2382 1643 2430 non
1679 2356 2107 2452 spectacula
2150 2357 2411 2446 uisitis,
2469 2381 2625 2428 non

368 2508 418 2548 15
446 2475 744 2569 pompis
796 2476 1190 2567 interestis„
1259 2477 1610 2550 conuiuia
1671 2478 1979 2572 publica
2048 2479 2327 2571 absque
2382 2477 2621 2566 uobis,

444 2618 802 2689 sacraque
857 2598 1288 2687 certamina,
1346 2606 1826 2692 praecerptos
1866 2601 2073 2671 cibos
2128 2606 2204 2671 et
2257 2596 2623 2670 delibatos

444 2715 801 2789 altaribus
862 2727 1085 2813 potus
1149 2719 1592 2790 abhorretis,
1698 2719 1802 2791 sic
1870 2717 2375 2792 reformidatis
2445 2720 2623 2790 deos

444 2860 631 2930 quos
685 2839 998 2933 negatis.
1088 2863 1241 2911 non
1276 2839 1588 2911 floribus
1625 2849 1856 2933 caput
1892 2840 2211 2930 nectitiS,
2268 2833 2423 2912 non
2462 2863 2624 2912 cor·
2660 2863 2699 2917 6

443 2981 583 3050 pus
638 2959 992 3031 odoribus
1028 2959 1466 3033 honestatis:
1524 2960 1923 3032 reseruatis
1971 2969 2355 3054 unguenta
2408 2958 2626 3032 fune·

356 3109 413 3152 20
440 3077 666 3168 ribuS,
735 3103 1046 3151 coronas
1114 3079 1339 3151 etiam
1414 3081 1777 3175 sepulcris
1848 3080 2251 3176 denegatis,
2328 3079 2621 3173 pallidi,

411 3192 735 3293 ¹trepidi,
794 3199 1306 3271 misericordia
1362 3200 1570 3296 digni
1623 3241 1730 3252 --
1782 3201 1910 3272 sed
1965 3208 2389 3272 nostrorum
2444 3200 2621 3270 deo-

439 3323 634 3391 rum!
708 3320 817 3391 ita
867 3343 1010 3392 nec
1062 3321 1446 3416 resurgitis
1483 3321 1738 3392 miseri
1792 3343 1933 3391 nec
1985 3319 2287 3390 interim
2333 3317 2613 3390 uiuitis.

437 3440 753 3533 proinde
826 3440 888 3511 si
943 3441 1125 3533 quid
1179 3441 1591 3536 sapientiae
1653 3440 1871 3513 uobis
1934 3446 2065 3512 aut
2115 3438 2617 3511 uerecundiae
2654 3464 2687 3518 7

439 3569 568 3650 est,
629 3561 946 3633 desinite
1001 3561 1194 3633 caeli
1245 3561 1507 3657 plagas
1562 3569 1638 3632 et
1690 3561 1953 3633 mundi
1995 3558 2150 3633 fata
2205 3568 2281 3631 et
2332 3567 2619 3632 secreta

351 3710 404 3753 2⁵
435 3680 720 3753 rimari:
780 3681 956 3752 satis
1012 3689 1123 3753 est
1173 3683 1375 3774 quod
1412 3690 1522 3753 est
1557 3706 1695 3776 pro
1734 3681 2055 3775 pedibus
2094 3681 2429 3774 aspicere
2468 3704 2619 3751 ma·

434 3801 637 3873 xime
672 3801 994 3873 indoctis
1029 3801 1370 3895 inpolitis
1407 3803 1738 3892 rudibus,
1782 3802 2054 3896 quibus
2082 3809 2167 3873 ut
2202 3800 2616 3896 agrestibus

588 4043 625 4099 2
671 4050 811 4118 post
839 4041 1032 4101 uitam
1059 4059 1197 4102 nos:
1231 4051 1572 4118 postumam
1605 4044 1654 4100 P
1687 4038 1712 4122 ΙΙ
1755 4044 1797 4101 4
1842 4043 2031 4102 sentis
2060 4044 2129 4120 P,
2160 4059 2306 4101 corr.
2342 4058 2372 4099 e
2403 4041 2562 4099 senis
2596 4034 2618 4122 ΙΙ

437 4127 519 4188 10
547 4148 671 4186 non
700 4131 748 4188 P
777 4146 860 4188 m.
885 4129 918 4186 1
947 4147 994 4186 s,
1025 4128 1063 4187 l.
1097 4124 1124 4207 ΙΙ
1169 4130 1246 4186 11
1282 4148 1390 4204 per
1411 4149 1595 4205 regna
1625 4135 1687 4187 et
1715 4145 1853 4188 nos:
1884 4135 2137 4204 regnant
2157 4130 2206 4186 P
2238 4124 2263 4207 ΙΙ
2308 4128 2386 4186 16
2420 4147 2615 4186 sacra-

435 4235 552 4289 que
580 4231 724 4275 nos:
759 4234 924 4274 sacra
953 4218 1002 4274 P
1034 4211 1059 4295 ΙΙ
1102 4215 1182 4273 25
1217 4216 1379 4291 quod
1410 4223 1500 4274 est
1527 4213 1785 4274 inseruit
1806 4213 2265 4274 Klussmwnnus
2296 4211 2321 4296 Η
2364 4214 2445 4273 26
2480 4215 2616 4289 qui-

435 4302 548 4360 bus
591 4309 662 4360 ut
705 4303 1044 4378 agrestibus
1087 4318 1226 4362 nos:
1274 4303 1626 4380 agrestibus,
1679 4301 1899 4376 quibus
1943 4304 1992 4360 P
2024 4297 2049 4380 ΙΙ
