3309 5192
1547 559 1962 634 ...30-

668 772 800 844 sed
855 778 930 844 et
988 770 1324 864 partibus
1389 767 1739 842 consulit:
1807 767 2198 841 Britannia
2251 767 2407 840 sole
2478 769 2841 858 deficitur,

669 893 798 963 sed
849 890 1434 963 circumfluentis
1478 889 1705 961 maris
1741 897 2001 983 tepore
2048 896 2455 974 recreatur;
2513 889 2846 985 Aegypti

670 1011 1081 1084 siccitatem
1107 1019 1477 1105 temperat
1490 1008 1741 1095 Nilus;
1772 1009 2199 1102 Euphrates
2214 1008 2847 1103 Mesopotamiam

667 1157 804 1228 pro
849 1132 1212 1206 imbribus
1263 1139 1564 1224 pensat;
1621 1130 1854 1201 Indus
1887 1130 2172 1202 flumen
2208 1139 2284 1202 et
2318 1153 2561 1203 serere
2601 1130 2846 1204 orien-

597 1270 632 1323 4
668 1261 819 1326 tem
882 1253 1155 1325 dicitur
1220 1259 1294 1323 et
1361 1252 1629 1346 rigare.
1715 1252 1917 1343 quod
1969 1251 2034 1322 si
2083 1251 2458 1345 ingressus
2512 1249 2844 1345 aliquam
2872 1277 2900 1318 5

669 1375 974 1446 domum
1013 1372 1266 1444 omnia
1303 1370 1606 1443 exculta
1636 1370 1996 1466 disposita
2030 1379 2293 1444 ornata
2319 1370 2656 1463 uidisses,
2698 1373 2847 1446 uti-

669 1518 816 1587 que
835 1515 1180 1587 praeesse
1211 1491 1282 1564 ei
1312 1492 1652 1564 crederes
1682 1492 2067 1564 dominum
2098 1499 2174 1564 et
2198 1490 2351 1563 illis
2377 1491 2595 1564 bonis
2622 1493 2845 1565 rebus

667 1612 904 1687 multo
957 1637 1115 1686 esse
1161 1611 1588 1685 meliorem:
1645 1612 1755 1683 ita
1801 1611 1884 1683 in
1925 1612 2071 1683 hac
2115 1611 2377 1684 mundi
2412 1614 2634 1685 domo
2674 1637 2844 1685 cum

666 1758 805 1828 per
859 1733 1151 1805 caelum
1203 1741 1627 1825 terramque
1682 1734 1998 1827 aspicias
2044 1733 2599 1826 prouidentiam
2652 1733 2846 1805 ordi-

666 1878 844 1926 nem
867 1852 1137 1950 legem,
1187 1854 1407 1925 crede
1437 1877 1594 1925 esse
1623 1853 2133 1926 uniuersitatis
2162 1854 2549 1926 dominum
2576 1878 2843 1948 paren·
2872 1881 2923 1923 ιο

667 1983 971 2068 temque
1043 1973 1225 2068 ipsis
1309 1973 1677 2046 sideribus
1745 1983 1819 2046 et
1884 1973 2111 2046 totius
2177 1974 2441 2046 mundi
2508 1975 2843 2068 partibus

596 2113 631 2167 5
667 2094 1214 2189 pulchriorem:
1291 2094 1436 2166 nisi
1498 2091 1715 2182 forte,
1791 2094 2149 2188 quoniam
2211 2095 2303 2167 de
2367 2093 2846 2188 prouidentia

666 2215 880 2294 nulla
914 2215 1281 2289 dubitatio
1321 2223 1453 2300 est,
1492 2215 2027 2308 inquirendum
2060 2224 2304 2308 putas,
2343 2223 2596 2287 utrum
2621 2215 2843 2288 unius

665 2336 984 2431 imperio
1057 2361 1154 2408 an
1223 2336 1530 2408 arbitrio
1602 2334 2101 2430 plurimorum
2154 2333 2474 2409 caeleste
2528 2359 2845 2431 regnum

667 2459 1154 2553 gubernetur3
1215 2458 1417 2551 quod
1452 2457 1703 2550 ipsum
1746 2479 1901 2528 non
1938 2464 2047 2528 est
2082 2455 2303 2528 multi
2344 2455 2621 2528 laboris
2664 2480 2835 2550 ape·
2870 2482 2922 2524 ιε»

665 2579 813 2650 rire
896 2578 1259 2674 cogitanti
1328 2577 1650 2670 imperia
1729 2585 2045 2667 terrena,
2142 2577 2413 2670 quibus
2494 2575 2843 2670 exempla

596 2715 630 2768 6
667 2698 928 2791 utique
992 2699 1084 2769 de
1144 2698 1375 2770 caelo.
1484 2697 1783 2790 quando
1846 2720 2204 2790 umquam
2258 2698 2475 2793 regni
2528 2697 2842 2769 societas

669 2827 799 2890 aut
835 2841 1008 2888 cum
1041 2818 1190 2890 fide
1228 2818 1479 2912 coepit
1531 2826 1662 2889 aut
1705 2817 1865 2890 sine
1922 2841 2186 2890 cruore
2239 2818 2506 2889 desiit‘?
2578 2817 2839 2891 omitto

667 2938 931 3009 Persas
987 2939 1079 3009 de
1152 2962 1515 3031 equorum
1585 2937 1891 3010 hinnitu
1944 2946 2391 3034 augurantes
2459 2937 2841 3032 principa-

667 3069 848 3149 tum,
909 3067 984 3130 et
1036 3058 1567 3131 Thebanorum
1620 3082 1759 3154 par
1812 3067 2050 3131 morte
2104 3067 2365 3132 mutua
2414 3055 2839 3131 fabulosum
2866 3083 2921 3125 2⁰

665 3188 985 3252 transeo.
1095 3182 1191 3251 ob
1251 3187 1638 3273 pastorum
1700 3204 2018 3274 regnum
2078 3179 2398 3251 alterum
2461 3202 2618 3251 esse
2674 3202 2841 3250 cae-

666 3325 830 3372 sum
884 3302 975 3373 de
1029 3300 1346 3396 geminis
1393 3301 1755 3373 memoria
1797 3301 2184 3373 notissima
2229 3307 2366 3372 est.
2462 3299 2720 3396 generi
2766 3306 2841 3370 et

666 3420 905 3492 soceri
956 3419 1160 3493 bella
1223 3429 1380 3493 toto
1436 3423 1615 3494 orbe
1672 3421 1940 3493 diffusa
2002 3431 2194 3510 sunt,
2262 3429 2337 3492 et
2388 3429 2543 3492 tam
2586 3418 2839 3514 magni

595 3559 626 3611 7
664 3540 966 3635 imperii
1018 3538 1319 3614 fortuna
1378 3542 1563 3613 duos
1619 3563 1774 3612 non
1829 3541 2054 3635 cepit.
2144 3540 2321 3612 uide
2370 3548 2645 3612 cetera:
2704 3563 2839 3611 rex

825 3764 863 3823 3
913 3767 970 3824 N
975 3764 1126 3839 ilus3
1174 3766 1507 3840 Euphrates
1549 3781 1687 3824 nos:
1738 3764 1921 3824 Nilus
1966 3766 2178 3843 amnis,
2226 3766 2384 3824 colet
2427 3764 2684 3822 eufrates
2728 3762 2776 3820 P
2819 3755 2841 3844 ΙΙ

670 3851 708 3909 9
739 3872 847 3928 per
867 3869 981 3910 nos
1001 3850 1368 3910 &nserwimws
1398 3845 1424 3930 ΙΙ
1456 3850 1714 3928 aspicias
1742 3866 1881 3911 nos:
1914 3851 2246 3928 perspicias
2274 3851 2323 3909 P
2354 3846 2381 3928 ΙΙ
2415 3852 2493 3908 11
2528 3849 2839 3908 siderebus

667 3937 755 3996 Ρ1
785 3934 810 4017 Η
847 3939 925 3997 12
955 3937 1073 3997 nisi
1105 3936 1530 3996 Hemnannus:
1562 3937 1630 3995 ni
1650 3937 1700 3994 P
1732 3933 1756 4017 ΙΙ
1794 3937 1874 3995 18
1908 3938 2091 3997 desiit
2131 3936 2411 3997 Urm‘ams:
2446 3935 2723 3995 discessit
2743 3935 2791 3992 P
2820 3929 2841 4007 ΙΙ

670 4025 753 4085 20
797 4044 908 4101 par
947 4031 1140 4083 morte
1170 4031 1380 4082 mutua
1416 4024 1761 4082 fabulosum
1803 4039 1943 4083 nos:
1989 4030 2395 4102 permortuam
2424 4023 2689 4081 fabulam
2727 4021 2776 4078 P
2819 4016 2841 4103 Η

669 4111 747 4168 21
783 4112 862 4170 ob
891 4118 1199 4188 pastorum
1227 4129 1481 4186 regnum
1513 4110 1772 4169 alterum
1801 4130 1931 4170 esse
1963 4130 2203 4170 caesum
2231 4125 2370 4169 nos:
2420 4111 2497 4167 ob
2528 4117 2837 4185 pastorum

667 4205 728 4255 et
759 4215 925 4255 casae
948 4217 1200 4274 regnum
1221 4197 1270 4254 P
1305 4195 1401 4273 (ob
1425 4216 1484 4272 p.
1513 4205 1576 4257 et
1605 4216 1774 4255 casae
1795 4217 2048 4275 regnum
2072 4216 2311 4257 caesum
2333 4216 2523 4255 unum
2544 4193 2839 4254 Domboer-

667 4279 780 4359 tue)
821 4281 849 4362 ss
891 4283 974 4341 24
1005 4285 1246 4342 fortuna
1276 4283 1429 4341 duos
1458 4280 1893 4344 Heumannus:
1929 4285 2080 4343 duos
2112 4287 2352 4343 fortuna
2375 4282 2423 4340 P
2454 4277 2480 4361 ΙΙ
2513 4282 2714 4358 coepit
2742 4281 2791 4338 P
2820 4275 2841 4362 Η
