3309 5192
1613 539 1980 615 ...8-

709 749 1024 822 uiuendi
1061 773 1334 845 genere
1372 757 1710 822 uersatus
1744 749 2162 843 repudiaris
2191 747 2531 840 alterum,
2566 749 2885 823 alterum

711 853 1234 964 conprobarisJ
1270 869 1352 942 in
1390 869 1984 963 praesentiarum
2017 877 2270 941 tamen
2323 869 2431 941 ita
2474 871 2616 943 tibi
2649 868 2886 944 infor-

711 990 1026 1063 mandus
1093 999 1206 1064 est
1257 990 1572 1081 animuS,
1641 999 1729 1064 ut
1798 989 2069 1062 libram
2132 998 2391 1063 teneas
2454 991 2887 1085 aequissimi

709 1111 978 1184 iudicis
1031 1135 1173 1184 nec
1221 1110 1304 1182 in
1341 1111 1652 1184 alteram
1690 1120 1981 1205 partem
2017 1134 2434 1204 propensus
2469 1112 2882 1201 incumbas,

712 1255 808 1303 ne
862 1253 1017 1304 non
1068 1241 1220 1305 tam
1259 1255 1355 1303 ex
1390 1231 1663 1304 nostris
1702 1231 2332 1326 disputationibus
2375 1241 2552 1304 nata
2590 1241 2888 1305 senten-
2913 1260 2939 1300 ⁵

639 1371 674 1426 2
709 1352 814 1425 tia
868 1377 1097 1446 quam
1152 1376 1248 1424 ex
1300 1351 1472 1425 tuis'
1501 1351 1841 1422 sensibus
1907 1349 2201 1445 prolata
2253 1352 2622 1424 uideatur.
2713 1377 2888 1447 pro-

708 1472 908 1563 inde,
965 1473 1028 1544 si
1082 1471 1370 1543 medius
1410 1470 1624 1565 quasi
1658 1495 1901 1542 nouus
1939 1469 2178 1563 aliqui
2214 1479 2289 1543 et
2324 1471 2538 1562 quasi
2581 1472 2885 1566 ignarus

709 1593 942 1686 partis
967 1591 1359 1684 utriusque
1391 1591 1753 1680 considas,
1793 1589 2093 1661 nullum
2119 1591 2505 1686 negotium
2543 1600 2654 1664 est
2679 1601 2885 1684 pate-

709 1710 979 1802 facere,
1039 1712 1292 1784 omnia
1343 1711 1425 1782 in
1461 1711 1684 1782 rebus
1737 1709 2086 1781 humanis
2124 1710 2352 1780 dubia
2404 1710 2691 1782 incerta
2726 1733 2885 1781 sus-

708 1856 941 1925 pensa
978 1831 1364 1926 magisque
1403 1831 1655 1902 omnia
1692 1854 1790 1902 ex
1823 1829 1941 1901 his
1981 1829 2409 1902 testimonia
2443 1828 2882 1902 uerisimilia
2909 1856 2961 1898 10

636 1974 672 2028 3
707 1977 933 2046 quam
969 1975 1172 2024 uera.
1259 1975 1410 2044 quo
1447 1950 1682 2046 magis
1719 1950 2155 2022 inicum'est
2184 1950 2595 2023 nonnullos
2632 1948 2881 2023 taedio

706 2072 1272 2166 inuestigandae
1343 2071 1644 2164 penitus
1728 2071 2064 2144 ueritatis
2147 2071 2461 2144 cuilibet
2543 2071 2884 2165 opinioni

708 2200 989 2264 temere
1044 2193 1527 2264 succumbere
1582 2215 1809 2284 quam
1862 2192 1944 2263 in
2000 2191 2463 2286 explorando
2514 2191 2884 2284 pertinaci

637 2331 673 2386 4
711 2311 1103 2408 diligentia
1138 2335 1644 2405 perseuerare.
1734 2312 1990 2404 itaque
2044 2312 2591 2408 indignandum
2646 2312 2883 2383 omni-

709 2435 848 2506 bus
919 2431 1048 2504 uel
1121 2430 1737 2504 indolescendum
1809 2441 1939 2519 est,
2009 2434 2287 2504 audere
2355 2435 2739 2525 quosdam,
2812 2441 2887 2505 et
2912 2458 2963 2499 ιε,

709 2555 856 2626 hoc
893 2552 1307 2626 studiorum
1343 2553 1586 2641 rudeS,
1643 2550 2067 2624 litterarum
2103 2552 2479 2647 profanos,
2540 2560 2885 2646 expertes

711 2673 986 2746 artium
1040 2683 1115 2747 et
1166 2673 1364 2744 inter
1417 2673 1717 2744 sordida
1768 2698 2041 2764 rerum,
2109 2682 2397 2746 certum
2449 2673 2738 2767 aliquid
2793 2673 2884 2745 de

711 2818 1000 2867 summa
1052 2794 1195 2865 hac
1231 2817 1483 2865 rerum
1518 2793 1905 2866 maiestate
1961 2795 2385 2884 decernere,
2444 2795 2536 2866 de
2592 2818 2742 2886 qua
2774 2800 2888 2866 tot

711 2915 1059 2987 omnibus
1114 2913 1443 2986 scientiis
1498 2923 1868 2986 sectarum
1921 2913 2417 3008 plurimarum
2470 2939 2708 3008 usque
2762 2915 2887 2985 ad-

640 3055 675 3110 5
712 3036 863 3107 huc
898 3035 1065 3128 ipsa
1100 3033 1585 3128 philosophia
1624 3035 2013 3107 deliberat.
2102 3059 2244 3108 nec
2281 3035 2657 3126 inmerit0,
2716 3060 2886 3108 cum
2914 3060 2965 3102 20

713 3165 1006 3229 tantum
1061 3155 1252 3226 absit
1314 3156 1408 3227 ab
1465 3155 1982 3249 exploratione
2032 3157 2295 3232 diuina
2347 3156 2679 3228 humana
2732 3179 2889 3228 me-

717 3277 1086 3366 diocritas,
1145 3283 1232 3348 ut
1283 3300 1531 3369 neque
1588 3300 1783 3368 quae
1838 3301 2063 3370 super
2116 3285 2313 3349 astra
2365 3284 2623 3349 nostro
2679 3259 2887 3348 caelo

713 3409 1078 3492 suspensa
1134 3397 1426 3469 sublata
1487 3406 1662 3470 sunt
1712 3421 1961 3491 neque
2017 3421 2209 3491 quae
2273 3394 2471 3469 infra
2524 3405 2890 3468 terrarum

876 3657 911 3713 1
959 3656 1215 3714 alterum
1245 3656 1500 3714 alterum
1530 3673 1585 3712 r:
1635 3655 1888 3713 alterum
1917 3657 1966 3712 P
2009 3650 2037 3732 ΙΙ
2078 3654 2115 3713 5
2162 3653 2456 3714 sententia
2486 3657 2534 3714 P
2566 3672 2710 3713 corr.
2744 3672 2825 3712 m.
2858 3655 2892 3712 1

715 3759 784 3800 θα)
807 3741 1001 3800 sentia
1031 3739 1057 3820 11
1091 3743 1128 3800 6
1161 3740 1331 3799 exuis
1353 3743 1421 3816 P,
1455 3758 1600 3800 corr.
1626 3759 1709 3799 m.
1738 3739 1783 3799 2
1812 3737 1838 3820 ΙΙ
1880 3741 1915 3797 7
1949 3741 2185 3800 medius
2206 3759 2349 3801 nos:
2381 3741 2536 3800 mihi
2556 3743 2604 3800 P
2636 3737 2663 3820 ΙΙ
2707 3740 2788 3800 10
2819 3761 2893 3798 ex

713 3827 817 3886 his
862 3827 1212 3888 testimonia
1267 3845 1382 3886 nos
1423 3826 1792 3886 inseruimus
1840 3822 1865 3905 ΙΙ
1919 3829 1998 3885 11
2045 3828 2274 3886 inicum
2316 3846 2458 3886 nos:
2518 3829 2741 3887 mirum
2783 3829 2831 3885 P
2874 3819 2895 3907 Η

728 3913 808 3972 15
855 3914 958 3972 uel
1002 3913 1261 3972 inseruit
1286 3911 1528 3972 Norden
1557 3907 1582 3992 Η
1619 3913 1699 3972 16
1743 3914 1892 3971 rude
1937 3916 1986 3971 P
2026 3909 2051 3992 Η
2100 3915 2177 3973 17
2225 3923 2287 3974 et
2329 3915 2491 3974 inter
2530 3913 2771 3972 sordida
2798 3933 2895 3971 re-

713 4020 850 4059 rum
895 4016 1033 4060 nos:
1082 4000 1263 4059 etiam
1307 3999 1683 4058 sordidarum
1727 4001 1776 4058 P
1818 3995 1847 4078 ΙΙ
1893 4001 1972 4059 18
2016 4002 2127 4059 hac
2166 4021 2364 4060 rerum
2392 3997 2889 4075 Kronenberqius:

707 4107 914 4146 rerum
958 4107 1026 4146 ac
1070 4085 1176 4166 ΡΗ
1211 4107 1329 4161 qua
1371 4089 1419 4145 P
1464 4088 1498 4144 1
1526 4104 1608 4146 m.
1643 4103 1791 4145 corr.
1827 4104 1856 4144 e
1900 4107 2019 4161 quo
2064 4084 2090 4167 ΙΙ
2136 4087 2213 4146 19
2261 4087 2530 4146 scientiis
2574 4104 2715 4145 nos:
2766 4106 2896 4144 sae-

703 4174 857 4233 culis
900 4176 949 4231 P
989 4169 1015 4253 ΙΙ
1056 4174 1136 4232 22
1185 4193 1366 4250 super
1394 4179 1551 4232 astra
1587 4181 1796 4232 nostro
1841 4191 1978 4232 nos:
2028 4193 2208 4250 supra
2250 4195 2361 4234 nos
2406 4176 2455 4231 P
2496 4170 2524 4254 ΙΙ
2571 4171 2651 4231 23
2698 4180 2890 4231 terra-

700 4280 835 4319 rum
878 4259 1226 4336 Boem‘qius:
1275 4267 1493 4318 terram
1536 4262 1585 4317 P
1618 4256 1642 4340 ss
