3309 5192
1355 557 1768 631 ...33-

465 783 540 846 et
584 782 902 860 uetereS,
961 769 1095 863 qui
1147 769 1238 839 de
1277 767 1459 840 scite
1499 767 1715 840 dictis
1752 765 2125 860 sapientes
2164 789 2320 838 esse
2358 791 2651 839 merue-

461 902 658 966 runt.
743 891 838 965 sit
874 888 1150 962 Thales
1188 886 1536 960 Milesius
1575 887 1915 959 omnium
1948 885 2650 980 philosophantium

460 1014 769 1107 primuS,
829 1011 1114 1106 quippe
1164 1008 1296 1104 qui
1342 1008 1630 1103 primus
1679 1007 2017 1080 omnium
2064 1009 2156 1079 de
2203 1007 2647 1081 caelestibus

467 1133 903 1229 disputauit.
998 1132 1062 1202 is
1124 1154 1377 1202 rerum
1436 1129 1739 1201 initium
1801 1151 2074 1220 aquam
2138 1127 2351 1217 dixit,
2424 1130 2650 1201 deum

412 1291 442 1330 5
469 1263 721 1327 autem
758 1277 924 1325 eam
949 1241 1276 1324 mentem
1304 1274 1497 1343 quae
1526 1273 1623 1321 ex
1649 1272 1846 1343 aqua
1874 1257 2143 1321 cuncta
2179 1245 2646 1322 formauerit.

473 1397 648 1446 ecce
683 1370 901 1445 altior
936 1381 1010 1445 et
1044 1371 1437 1450 sublimior
1473 1393 1713 1463 aquae
1742 1378 1819 1442 et
1846 1369 2149 1464 spiritus
2175 1369 2389 1458 ratiO,
2423 1393 2649 1462 quam

471 1502 556 1566 ut
607 1495 700 1565 ab
763 1493 1070 1566 homine
1133 1491 1465 1587 potuerit
1523 1488 1875 1579 inueniri,
1949 1489 2073 1560 cui
2123 1513 2279 1561 non
2332 1514 2650 1562 acumen

470 1615 753 1710 ingenii
815 1638 859 1685 a
920 1615 1060 1687 deo
1133 1612 1513 1686 traditum.
1594 1610 1808 1682 uides
1869 1607 2308 1704 philosophi
2368 1611 2652 1705 princi-

467 1735 657 1829 palis
709 1735 1107 1807 nobiscum
1157 1733 1458 1828 penitus
1507 1731 1600 1803 de
1647 1755 1902 1803 rerum
1942 1728 2179 1802 initiis
2216 1730 2651 1825 opinionem

390 1892 439 1932 ιο
469 1879 906 1929 consonare.
989 1852 1500 1925 Anaximenes
1566 1851 1921 1945 deinceps
1975 1859 2050 1923 et
2110 1859 2280 1945 post
2331 1851 2653 1946 Apollo-
2684 1873 2722 1926 5

464 1976 704 2049 niates
758 1975 1139 2070 Diogenes
1203 1982 1377 2044 aera
1446 1975 1674 2044 deum
1735 1978 2070 2044 statuunt
2132 1971 2511 2044 infinitum
2578 1980 2652 2044 et

463 2097 921 2168 inmensum:
980 2095 1252 2165 horum
1289 2117 1590 2187 quoque
1628 2091 1891 2163 similis
1919 2093 2011 2163 de
2050 2091 2445 2165 diuinitate
2472 2117 2651 2165 con-

465 2216 715 2287 sensio
774 2222 905 2286 est.
969 2213 1465 2308 Anaxagorae
1518 2237 1702 2284 uero
1760 2237 1799 2284 e
1853 2236 2106 2284 rerum
2167 2212 2650 2308 discriptione
2684 2233 2721 2286 6

472 2343 549 2407 et
594 2342 804 2407 motu
856 2333 1194 2406 infinitae
1240 2333 1510 2404 mentis
1557 2335 1739 2405 deus
1786 2333 2205 2408 deducitur:
2262 2341 2338 2405 et
2373 2333 2652 2428 Pytha-

393 2491 444 2532 15
471 2478 699 2552 gorae
755 2455 936 2526 deus
994 2462 1106 2526 est
1154 2454 1446 2526 animus
1488 2476 1626 2548 per
1669 2453 2101 2526 uniuersam
2142 2479 2394 2526 rerum
2435 2463 2653 2527 natu-

471 2600 633 2648 ram
669 2595 1093 2648 commeans
1122 2584 1198 2646 et
1230 2575 1584 2664 intentus,
1644 2599 1741 2646 ex
1770 2599 1919 2667 quo
1950 2575 2177 2647 etiam
2214 2574 2653 2646 animalium

470 2697 808 2768 omnium
834 2696 994 2769 uita
1023 2695 1381 2788 capiatur.
1438 2694 1976 2789 Xenophanen
2001 2705 2266 2768 notum
2294 2705 2404 2769 est
2431 2720 2652 2769 omne
2688 2714 2721 2768 7

471 2817 850 2889 infinitum
905 2840 1078 2887 cum
1113 2823 1363 2887 mente
1401 2817 1622 2887 deum
1661 2817 1977 2906 tradere,
2037 2824 2112 2888 et
2146 2815 2653 2889 Antisthenen

475 2935 876 3031 populares
913 2938 1090 3008 deos
1136 2935 1430 3025 multOS,
1488 2937 1620 3008 sed
1654 2935 2076 3008 naturalem
2119 2961 2376 3027 unum,
2419 2937 2653 3031 Speu-

391 3091 450 3134 20
477 3057 776 3150 sippum
827 3057 986 3127 uim
1030 3056 1454 3145 animalem,
1514 3080 1665 3149 qua
1702 3056 1954 3128 omnia
1996 3065 2369 3152 regantur,
2430 3059 2652 3128 deum

477 3199 714 3248 nosse.
810 3177 1044 3268 quid‘?
1114 3176 1611 3265 DemocrituS,
1666 3176 2009 3268 quamuis
2048 3184 2465 3249 atomorum
2501 3176 2652 3270 pri·
2688 3197 2725 3251 8

632 3417 666 3474 1
717 3417 866 3476 scite
895 3434 1034 3475 nos:
1071 3417 1198 3475 suis
1228 3418 1278 3475 P
1325 3413 1349 3497 Η
1398 3419 1435 3474 2
1481 3416 2046 3493 philosophantium
2092 3421 2145 3474 et
2189 3416 2226 3475 3
2274 3415 2500 3494 quippe
2543 3435 2657 3476 ‘nos

473 3503 848 3562 meruimus
891 3499 918 3582 ss
971 3505 1012 3561 4
1058 3503 1394 3580 disputabit
1436 3503 1485 3560 P
1528 3503 1578 3560 1.
1625 3521 1707 3560 m.
1746 3499 1771 3581 ΙΙ
1813 3503 1867 3561 is
1910 3502 2415 3562 Elmwnhorstius:
2462 3503 2656 3563 isdem

477 3590 753 3648 milesius
796 3591 990 3649 thales
1037 3590 1086 3647 P
1117 3587 1142 3670 Η
1185 3590 1224 3648 6
1270 3610 1405 3648 ecce
1447 3602 1586 3648 ‘nost
1637 3609 1709 3647 eo
1755 3589 1823 3665 P,
1871 3597 1933 3648 et
1974 3611 2005 3647 r
2037 3587 2061 3668 ΙΙ
2109 3590 2143 3647 7
2190 3591 2460 3666 potuerit
2505 3589 2657 3649 Hal-

475 3675 672 3736 mius:
719 3677 948 3752 poterit
991 3677 1040 3734 P
1091 3672 1118 3756 Η
1175 3677 1274 3734 cui
1329 3696 1452 3734 non
1495 3695 1747 3734 acumen
1790 3676 2022 3752 ingenii
2074 3693 2188 3735 nos
2229 3675 2597 3735 insermmus
2638 3669 2659 3757 Η

477 3763 518 3821 9
565 3765 639 3821 de
669 3783 872 3821 rerum
900 3763 1095 3821 initiis
1137 3780 1251 3821 ‘nos
1277 3760 1646 3821 ‘mserui‘mus
1688 3757 1713 3840 ΙΙ
1766 3761 1847 3820 10
1893 3782 2282 3822 anaxamenes
2326 3763 2375 3820 P
2416 3759 2441 3842 Η
2494 3762 2574 3822 13
2623 3783 2655 3820 e

477 3869 679 3907 rerum
709 3850 1102 3926 discriptione
1136 3858 1196 3908 et
1226 3855 1395 3906 motu
1423 3863 1562 3906 nos:
1598 3848 1925 3925 descriptio
1958 3857 2018 3908 et
2049 3855 2245 3908 metus
2275 3849 2325 3906 P
2368 3845 2395 3928 ΙΙ
2440 3849 2520 3906 14
2552 3849 2655 3906 de-

477 3936 719 3994 ducitur
771 3951 908 3994 nos:
969 3935 1192 3994 dicitur
1236 3935 1285 3992 P
1331 3931 1354 4014 ΙΙ
1405 3936 1481 3993 17
1533 3934 1804 4011 capiatur
1847 3949 1905 3993 r:
1966 3936 2261 4011 capitatur
2304 3935 2353 3992 P
2393 3930 2419 4014 Η
2472 3954 2658 3992 xeon-

478 4022 656 4080 fanen
698 4022 747 4079 P
778 4016 803 4101 Η
847 4022 928 4081 18
974 4022 1314 4081 antistenen
1357 4021 1406 4078 P
1437 4016 1462 4100 ΙΙ
1507 4020 1585 4081 19
1631 4041 1820 4079 unum
1862 4036 2002 4080 nos:
2048 4042 2237 4079 unum
2266 4021 2658 4098 praecipuum

477 4107 528 4165 P
559 4103 585 4186 Η
619 4109 1032 4185 Speusippum
1065 4107 1366 4168 Gelenius:
1401 4108 1736 4184 zeuxippus
1765 4107 1833 4184 P,
1866 4109 2231 4184 speusippus
2260 4129 2291 4166 r
2330 4104 2356 4185 ΙΙ
2400 4106 2483 4165 20
2528 4106 2667 4164 ani-'

481 4195 701 4252 malem
739 4193 1069 4254 Dauisius:
1117 4194 1456 4253 naturalem
1494 4194 1815 4253 animalem
1854 4194 1904 4251 P
1943 4192 1969 4273 ΙΙ
2016 4213 2135 4269 qua
2178 4194 2247 4272 P,
2294 4195 2402 4253 sed
2444 4210 2528 4255 m.
2564 4193 2654 4252 2.:

479 4299 602 4354 quo
635 4275 659 4358 ΙΙ

585 4393 614 4434 S
623 4393 687 4435 ch
697 4395 721 4436 ὃ
731 4406 761 4436 n
771 4405 796 4437 e
808 4426 818 4446 ‚
847 4393 1078 4438 Minucius.
2316 4393 2351 4446 3
