3309 5192
1551 509 1965 584 ..10—

597 738 635 792 9
671 721 777 793 sic
831 721 1298 817 congregatis
1349 720 1641 817 ignium
1696 720 2107 793 seminibus
2151 719 2342 792 soles
2398 720 2608 793 uides
2660 719 2847 792 alios

670 849 894 935 atque
949 839 1135 912 alios
1200 864 1498 935 semper
1559 841 1979 936 splendere,
2054 840 2160 914 sic
2229 841 2541 914 exalatis
2602 849 2845 914 terrae

668 962 1076 1060 uaporibus
1130 960 1444 1035 nebulas
1496 987 1794 1058 semper
1829 962 2277 1052 adolescere,
2337 963 2608 1055 quibus
2664 963 2845 1034 den-

669 1083 845 1155 satis
899 1081 1324 1177 coactisque
1357 1084 1599 1156 nubes
1651 1082 1873 1156 altius
1914 1107 2238 1179 surgere,
2295 1083 2534 1156 isdem
2585 1083 2846 1154 laben-

667 1205 866 1278 tibus
922 1204 1219 1298 pluuias
1271 1204 1529 1294 fluere,
1584 1204 1767 1275 flare
1809 1211 2096 1292 uent08,
2156 1204 2552 1298 grandines
2605 1204 2842 1276 incre·
2869 1233 2894 1272 5

667 1350 849 1420 pare
933 1324 1062 1397 uel
1139 1324 1412 1395 nimbis
1493 1322 2049 1394 conlidentibus
2128 1323 2456 1395 tonitrua
2529 1324 2839 1418 mugire,

667 1446 977 1519 rutilare
1016 1442 1332 1539 fulgora,
1391 1440 1711 1514 fulmina
1746 1442 2044 1531 micare,
2106 1465 2297 1534 quae
2334 1445 2523 1514 adeo
2568 1444 2843 1535 passim

669 1567 966 1654 cadunt,
1009 1573 1299 1635 montes
1327 1564 1657 1651 inruunt,
1700 1561 2087 1634 arboribus
2113 1561 2529 1651 incurrunt,
2570 1570 2655 1633 ut
2680 1563 2841 1634 sine

669 1685 952 1757 dilectu
1004 1690 1315 1779 tangant
1365 1683 1536 1754 loca
1570 1705 1780 1753 sacra
1816 1691 1893 1753 et
1928 1679 2265 1775 profana,
2321 1682 2665 1754 homines
2709 1706 2840 1754 no-

564 1825 633 1879 10
667 1806 832 1877 xios
867 1804 1216 1876 innoxios
1253 1800 1529 1877 feriant
1565 1813 1641 1877 et
1676 1826 1901 1896 saepe
1934 1803 2347 1898 religiosos.
2441 1803 2622 1895 quid
2656 1811 2839 1874 tem·
2870 1829 2917 1869 ιο

666 1932 988 2020 pestates
1058 1922 1328 2017 loquar
1394 1924 1638 1997 uarias
1718 1932 1795 1996 et
1862 1923 2205 2014 incertaS,
2288 1924 2558 2017 quibus
2627 1923 2839 1996 nullo

668 2046 928 2118 ordine
983 2069 1233 2117 rerum
1289 2045 1624 2116 omnium
1677 2043 2005 2138 impetus
2040 2044 2471 2117 uolutatur‘?
2523 2045 2605 2117 in
2656 2069 2845 2116 nau-

667 2163 924 2261 fragiis
995 2166 1368 2237 bonorum
1439 2164 1959 2257 malorumque
2026 2163 2181 2237 fata
2241 2165 2496 2256 mixta,
2577 2166 2845 2237 merita

667 2283 1023 2359 confusa?
1094 2286 1176 2358 in
1237 2285 1604 2359 incendiis
1672 2286 2060 2359 interitum
2122 2285 2529 2358 conuenire
2592 2286 2846 2357 inson-

664 2408 855 2479 tium
919 2407 1548 2500 nocentiumque?
1614 2416 1691 2478 et
1750 2430 1922 2477 cum
1996 2407 2167 2478 tabe
2231 2404 2591 2499 pestifera
2651 2406 2844 2479 caeli
2872 2432 2921 2472 1⁵

664 2536 942 2600 tractus
978 2527 1331 2618 inficitur,
1373 2527 1532 2600 sine
1571 2527 2000 2598 discrimine
2038 2526 2165 2598 uel
2202 2527 2547 2599 examine
2588 2551 2844 2600 omnes

667 2647 1053 2741 deperire?
1110 2656 1184 2720 et
1218 2672 1390 2719 cum
1424 2645 1613 2719 belli
1645 2649 1866 2719 ardor
1902 2649 2160 2737 saeuit,
2209 2647 2557 2719 meliores
2594 2648 2843 2740 potius

560 2789 625 2843 11
667 2769 1159 2840 occumbere?
1237 2769 1320 2839 in
1380 2791 1567 2861 pace
1633 2768 1861 2840 etiam
1925 2792 2079 2839 non
2132 2776 2425 2840 tantum
2479 2777 2846 2861 aequatur

663 2889 1001 2982 nequitia
1055 2887 1513 2978 melioribus,
1573 2889 1705 2958 sed
1760 2887 2169 2979 extollitur,
2227 2896 2311 2960 ut
2361 2889 2441 2960 in
2498 2887 2841 2981 pluribus

665 3010 973 3100 nesciaS,
1017 3018 1268 3082 utrum
1306 3009 1401 3081 sit
1438 3032 1699 3080 eorum
1737 3009 2172 3081 detestanda
2199 3009 2530 3102 prauitas
2568 3033 2665 3080 an
2705 3032 2839 3101 op-
2866 3034 2918 3076 ιο

558 3151 628 3206 12
665 3131 891 3203 tanda
927 3128 1270 3203 felicitas.
1364 3131 1566 3223 quod
1603 3129 1669 3200 si
1708 3131 2028 3202 mundus
2068 3130 2326 3202 diuina
2361 3129 2840 3222 prouidentia

664 3260 739 3324 et
773 3250 1090 3324 alicuius
1124 3252 1456 3323 numinis
1492 3251 1931 3324 auctoritate
1966 3259 2370 3346 regeretur,
2428 3274 2836 3343 numquam

662 3381 1075 3446 mereretur
1109 3372 1448 3444 Phalaris
1487 3381 1562 3445 et
1594 3371 1999 3465 Dionysius
2034 3395 2372 3468 regnum,
2428 3392 2840 3463 numquam

661 3493 990 3565 Rutilius
1058 3502 1132 3565 et
1186 3491 1545 3564 Camillus
1619 3491 1955 3580 exilium,
2025 3516 2436 3585 numquam
2500 3491 2838 3562 Socrates

817 3716 851 3772 1
897 3715 1073 3773 uides
1101 3731 1213 3773 nos
1239 3713 1610 3773 inseruimus
1647 3710 1674 3791 ΙΙ
1720 3715 1757 3772 2
1790 3722 1968 3791 atque
1992 3724 2171 3790 atque
2195 3718 2243 3775 P
2284 3711 2310 3795 ΙΙ
2353 3717 2388 3774 7
2423 3716 2661 3794 micare,
2687 3735 2838 3789 quae

659 3815 796 3858 ‘nost
847 3801 1208 3876 praemicare
1241 3803 1289 3860 P
1331 3797 1356 3880 ΙΙ
1400 3801 1440 3859 8
1469 3808 1539 3859 ut
1567 3819 1681 3860 nos
1708 3799 2076 3860 inseruimus
2114 3799 2140 3883 ΙΙ
2184 3803 2221 3861 9
2254 3811 2502 3880 tangant
2532 3846 2546 3860 .
2575 3846 2589 3860 .
2622 3802 2841 3861 feriant

659 3901 798 3945 ‘nost
825 3895 1080 3964 tangunt
1106 3932 1119 3945 .
1142 3932 1154 3945 .
1181 3887 1406 3946 feriunt
1426 3890 1475 3946 P
1507 3885 1532 3963 ΙΙ
1569 3887 1650 3947 10
1680 3887 1962 3948 innoxios
1984 3907 2096 3948 nos
2118 3887 2463 3947 addidimus
2495 3884 2519 3968 ΙΙ
2554 3890 2632 3946 11
2666 3889 2837 3946 nullo

662 3973 872 4032 ordine
915 3989 1053 4033 nos:
1102 3974 1273 4033 nullo
1320 3975 1530 4034 ordine
1573 3974 1678 4033 uel
1718 3974 1989 4033 examine
2034 3977 2082 4034 P
2128 3974 2204 4050 cf.
2237 3993 2299 4033 u.
2339 3974 2417 4034 16
2450 3970 2476 4054 ΙΙ
2522 3974 2601 4034 13
2647 3975 2841 4033 mixta

659 4061 812 4120 erita
854 4063 903 4119 P
947 4079 1028 4119 m.
1062 4062 1096 4119 1
1137 4058 1161 4139 ΙΙ
1210 4062 1288 4121 16
1337 4061 1467 4120 sine
1513 4061 1861 4120 discrimine
1904 4061 2008 4120 uel
2054 4062 2325 4120 examine
2369 4078 2512 4121 nos:
2567 4061 2699 4122 sine
2743 4061 2840 4118 di-

659 4147 939 4206 scrimine
984 4151 1032 4206 P
1085 4147 1160 4224 cf.
1206 4166 1266 4208 u.
1306 4149 1383 4206 11
1438 4145 1466 4226 ΙΙ
1523 4149 1602 4207 17
1657 4149 1833 4206 ardor
1886 4149 2080 4207 saeuit
2122 4147 2555 4207 Heumannus:
2627 4149 2837 4206 ardore

659 4234 927 4293 saeuitur
970 4237 1018 4292 P
1052 4231 1076 4313 ss
1113 4235 1192 4295 19
1239 4235 1552 4295 extollitur
1586 4233 1900 4295 Usenerus:
1950 4241 2011 4294 et
2054 4235 2275 4295 colitur
2317 4237 2366 4294 P
2397 4230 2423 4314 ΙΙ
