<?xml version="1.0" encoding="UTF-8"?>
<!DOCTYPE html PUBLIC "-//W3C//DTD XHTML 1.0 Transitional//EN"
    "http://www.w3.org/TR/xhtml1/DTD/xhtml1-transitional.dtd">
<html xmlns="http://www.w3.org/1999/xhtml" xml:lang="en" lang="en">
 <head>
  <title>
</title>
<meta http-equiv="Content-Type" content="text/html;charset=utf-8" />
  <meta name='ocr-system' content='tesseract 3.04.00' />
  <meta name='ocr-capabilities' content='ocr_page ocr_carea ocr_par ocr_line ocrx_word'/>
</head>
<body>
  <div class='ocr_page' id='page_1' title='image "./mminuciifelicis00schgoog_0037.png"; bbox 0 0 3309 5192; ppageno 0'>
   <div class='ocr_carea' id='block_1_1' title="bbox 1364 518 1777 592">
    <p class='ocr_par' dir='ltr' id='par_1_1' title="bbox 1364 518 1777 592">
     <span class='ocr_line' id='line_1_1' title="bbox 1364 518 1777 592; baseline 0.005 -22"><span class='ocrx_word' id='word_1_1' title='bbox 1364 518 1777 592; x_wconf 69' lang='lat'>-23—</span> 
     </span>
    </p>
   </div>
   <div class='ocr_carea' id='block_1_2' title="bbox 391 728 2763 3712">
    <p class='ocr_par' dir='ltr' id='par_1_2' title="bbox 477 728 2659 1185">
     <span class='ocr_line' id='line_1_2' title="bbox 480 728 2659 821; baseline -0 -18"><span class='ocrx_word' id='word_1_2' title='bbox 480 739 670 820; x_wconf 86' lang='lat' dir='ltr'>sunt,</span> <span class='ocrx_word' id='word_1_3' title='bbox 728 728 1230 821; x_wconf 90' lang='lat' dir='ltr'>relinquenda</span> <span class='ocrx_word' id='word_1_4' title='bbox 1265 736 1456 816; x_wconf 86' lang='lat' dir='ltr'>sunt,</span> <span class='ocrx_word' id='word_1_5' title='bbox 1514 751 1655 800; x_wconf 91' lang='lat' dir='ltr'>nec</span> <span class='ocrx_word' id='word_1_6' title='bbox 1709 735 1821 799; x_wconf 94' lang='lat' dir='ltr'>tot</span> <span class='ocrx_word' id='word_1_7' title='bbox 1875 752 1960 799; x_wconf 90' lang='lat' dir='ltr'>ac</span> <span class='ocrx_word' id='word_1_8' title='bbox 2012 729 2237 801; x_wconf 87' lang='lat' dir='ltr'>tantis</span> <span class='ocrx_word' id='word_1_9' title='bbox 2291 729 2475 802; x_wconf 85' lang='lat' dir='ltr'>uiris</span> <span class='ocrx_word' id='word_1_10' title='bbox 2529 730 2659 802; x_wconf 89' lang='lat' dir='ltr'>de·-</span> 
     </span>
     <span class='ocr_line' id='line_1_3' title="bbox 477 847 2657 944; baseline -0.002 -20"><span class='ocrx_word' id='word_1_11' title='bbox 477 849 970 924; x_wconf 87' lang='lat' dir='ltr'>liberantibus</span> <span class='ocrx_word' id='word_1_12' title='bbox 1009 855 1290 920; x_wconf 87' lang='lat' dir='ltr'>temere</span> <span class='ocrx_word' id='word_1_13' title='bbox 1347 856 1422 919; x_wconf 91' lang='lat' dir='ltr'>et</span> <span class='ocrx_word' id='word_1_14' title='bbox 1458 847 1843 920; x_wconf 84' lang='lat' dir='ltr'>audaciter</span> <span class='ocrx_word' id='word_1_15' title='bbox 1883 848 1965 920; x_wconf 90' lang='lat' dir='ltr'>in</span> <span class='ocrx_word' id='word_1_16' title='bbox 2018 848 2328 921; x_wconf 90' lang='lat' dir='ltr'>alteram</span> <span class='ocrx_word' id='word_1_17' title='bbox 2366 857 2657 944; x_wconf 89' lang='lat' dir='ltr'>partem</span> 
     </span>
     <span class='ocr_line' id='line_1_4' title="bbox 479 967 2657 1057; baseline -0.001 -13"><span class='ocrx_word' id='word_1_18' title='bbox 479 970 792 1044; x_wconf 82' lang='lat' dir='ltr'>ferenda</span> <span class='ocrx_word' id='word_1_19' title='bbox 845 968 1220 1041; x_wconf 90' lang='lat' dir='ltr'>sententia</span> <span class='ocrx_word' id='word_1_20' title='bbox 1273 975 1404 1057; x_wconf 87' lang='lat' dir='ltr'>est,</span> <span class='ocrx_word' id='word_1_21' title='bbox 1474 992 1570 1040; x_wconf 91' lang='lat' dir='ltr'>ne</span> <span class='ocrx_word' id='word_1_22' title='bbox 1627 976 1756 1040; x_wconf 89' lang='lat' dir='ltr'>aut</span> <span class='ocrx_word' id='word_1_23' title='bbox 1809 967 2029 1040; x_wconf 84' lang='lat' dir='ltr'>anilis</span> <span class='ocrx_word' id='word_1_24' title='bbox 2081 969 2481 1042; x_wconf 83' lang='lat' dir='ltr'><strong>inducatur</strong></span> <span class='ocrx_word' id='word_1_25' title='bbox 2534 994 2657 1042; x_wconf 89' lang='lat' dir='ltr'>su-</span> 
     </span>
     <span class='ocr_line' id='line_1_5' title="bbox 481 1087 2138 1185; baseline -0.003 -21"><span class='ocrx_word' id='word_1_26' title='bbox 481 1091 823 1185; x_wconf 89' lang='lat' dir='ltr'>perstitio</span> <span class='ocrx_word' id='word_1_27' title='bbox 877 1097 1006 1160; x_wconf 90' lang='lat' dir='ltr'>aut</span> <span class='ocrx_word' id='word_1_28' title='bbox 1057 1089 1296 1160; x_wconf 84' lang='lat' dir='ltr'>omnis</span> <span class='ocrx_word' id='word_1_29' title='bbox 1351 1087 1617 1184; x_wconf 88' lang='lat' dir='ltr'>religio</span> <span class='ocrx_word' id='word_1_30' title='bbox 1673 1090 2138 1162; x_wconf 87' lang='lat' dir='ltr'>destruatur.’</span> 
     </span>
    </p>

    <p class='ocr_par' dir='ltr' id='par_1_3' title="bbox 433 1207 2763 1543">
     <span class='ocr_line' id='line_1_6' title="bbox 433 1207 2763 1306; baseline 0.001 -26"><span class='ocrx_word' id='word_1_31' title='bbox 433 1243 458 1281; x_wconf 86' lang='lat'><strong>5</strong></span> <span class='ocrx_word' id='word_1_32' title='bbox 644 1208 768 1281; x_wconf 90' lang='lat' dir='ltr'>Sic</span> <span class='ocrx_word' id='word_1_33' title='bbox 833 1207 1202 1280; x_wconf 84' lang='lat' dir='ltr'>Caecilius</span> <span class='ocrx_word' id='word_1_34' title='bbox 1275 1216 1353 1280; x_wconf 91' lang='lat' dir='ltr'>et</span> <span class='ocrx_word' id='word_1_35' title='bbox 1417 1209 1770 1281; x_wconf 83' lang='lat' dir='ltr'><strong>renidens</strong></span> <span class='ocrx_word' id='word_1_36' title='bbox 1852 1208 2051 1303; x_wconf 91' lang='lat' dir='ltr'>(nam</span> <span class='ocrx_word' id='word_1_37' title='bbox 2119 1209 2763 1306; x_wconf 78' lang='lat' dir='ltr'>indignationisl4</span> 
     </span>
     <span class='ocr_line' id='line_1_7' title="bbox 492 1329 2653 1424; baseline 0.001 -23"><span class='ocrx_word' id='word_1_38' title='bbox 492 1329 650 1402; x_wconf 86' lang='lat' dir='ltr'>eius</span> <span class='ocrx_word' id='word_1_39' title='bbox 685 1338 1053 1401; x_wconf 90' lang='lat' dir='ltr'>tumorem</span> <span class='ocrx_word' id='word_1_40' title='bbox 1091 1329 1368 1402; x_wconf 87' lang='lat' dir='ltr'>effusae</span> <span class='ocrx_word' id='word_1_41' title='bbox 1406 1329 1763 1402; x_wconf 85' lang='lat' dir='ltr'>orationis</span> <span class='ocrx_word' id='word_1_42' title='bbox 1797 1329 2123 1424; x_wconf 86' lang='lat' dir='ltr'>impetus</span> <span class='ocrx_word' id='word_1_43' title='bbox 2159 1329 2653 1424; x_wconf 85' lang='lat' dir='ltr'>relaxauerat)</span> 
     </span>
     <span class='ocr_line' id='line_1_8' title="bbox 495 1449 2657 1543; baseline 0 -21"><span class='ocrx_word' id='word_1_44' title='bbox 495 1450 781 1543; x_wconf 85' lang='lat' dir='ltr'>‘ecquid</span> <span class='ocrx_word' id='word_1_45' title='bbox 834 1451 930 1520; x_wconf 90' lang='lat' dir='ltr'>ad</span> <span class='ocrx_word' id='word_1_46' title='bbox 983 1449 1188 1521; x_wconf 91' lang='lat' dir='ltr'>haec’</span> <span class='ocrx_word' id='word_1_47' title='bbox 1243 1449 1350 1522; x_wconf 91' lang='lat' dir='ltr'>ait</span> <span class='ocrx_word' id='word_1_48' title='bbox 1405 1451 1653 1522; x_wconf 85' lang='lat' dir='ltr'>‘audet</span> <span class='ocrx_word' id='word_1_49' title='bbox 1708 1449 2091 1540; x_wconf 81' lang='lat' dir='ltr'>Octauius,</span> <span class='ocrx_word' id='word_1_50' title='bbox 2148 1449 2375 1523; x_wconf 90' lang='lat' dir='ltr'>homo</span> <span class='ocrx_word' id='word_1_51' title='bbox 2429 1449 2657 1522; x_wconf 88' lang='lat' dir='ltr'>Plau-</span> 
     </span>
    </p>

    <p class='ocr_par' dir='ltr' id='par_1_4' title="bbox 391 1571 2724 1786">
     <span class='ocr_line' id='line_1_9' title="bbox 391 1571 2659 1666; baseline -0.001 -23"><span class='ocrx_word' id='word_1_52' title='bbox 391 1659 398 1666; x_wconf 28' lang='lat'><strong>·</strong></span> <span class='ocrx_word' id='word_1_53' title='bbox 488 1572 684 1644; x_wconf 87' lang='lat' dir='ltr'>tinae</span> <span class='ocrx_word' id='word_1_54' title='bbox 719 1571 1138 1665; x_wconf 81' lang='lat' dir='ltr'>prosapiae,</span> <span class='ocrx_word' id='word_1_55' title='bbox 1179 1578 1264 1643; x_wconf 85' lang='lat' dir='ltr'>ut</span> <span class='ocrx_word' id='word_1_56' title='bbox 1297 1578 1656 1664; x_wconf 89' lang='lat' dir='ltr'>patronus</span> <span class='ocrx_word' id='word_1_57' title='bbox 1692 1571 2004 1642; x_wconf 85' lang='lat' dir='ltr'>istorum</span> <span class='ocrx_word' id='word_1_58' title='bbox 2039 1571 2511 1665; x_wconf 52' lang='lat' dir='ltr'>praecipuus</span> <span class='ocrx_word' id='word_1_59' title='bbox 2551 1571 2659 1643; x_wconf 91' lang='lat' dir='ltr'>ita</span> 
     </span>
     <span class='ocr_line' id='line_1_10' title="bbox 481 1690 2724 1786; baseline 0 -22"><span class='ocrx_word' id='word_1_60' title='bbox 481 1703 904 1786; x_wconf 87' lang='lat' dir='ltr'>postremus</span> <span class='ocrx_word' id='word_1_61' title='bbox 923 1690 1553 1785; x_wconf 87' lang='lat' dir='ltr'>philosophorum</span> <span class='ocrx_word' id='word_1_62' title='bbox 1565 1691 1618 1760; x_wconf 83' lang='lat'>‘?’</span> <span class='ocrx_word' id='word_1_63' title='bbox 1650 1691 1939 1785; x_wconf 88' lang='lat' dir='ltr'>‘parce’,</span> <span class='ocrx_word' id='word_1_64' title='bbox 1970 1691 2302 1784; x_wconf 88' lang='lat' dir='ltr'>inquam,</span> <span class='ocrx_word' id='word_1_65' title='bbox 2332 1690 2655 1764; x_wconf 87' lang='lat' dir='ltr'>‘interim</span> <span class='ocrx_word' id='word_1_66' title='bbox 2690 1711 2724 1764; x_wconf 82' lang='lat'>2</span> 
     </span>
    </p>

    <p class='ocr_par' dir='ltr' id='par_1_5' title="bbox 403 1810 2727 2382">
     <span class='ocr_line' id='line_1_11' title="bbox 403 1810 2657 1907; baseline 0 -25"><span class='ocrx_word' id='word_1_67' title='bbox 403 1841 455 1882; x_wconf 77' lang='grc' dir='ltr'>ιο</span> <span class='ocrx_word' id='word_1_68' title='bbox 481 1812 874 1906; x_wconf 89' lang='lat' dir='ltr'>plaudere;</span> <span class='ocrx_word' id='word_1_69' title='bbox 925 1834 1173 1904; x_wconf 92' lang='lat' dir='ltr'>neque</span> <span class='ocrx_word' id='word_1_70' title='bbox 1220 1812 1424 1883; x_wconf 90' lang='lat' dir='ltr'>enim</span> <span class='ocrx_word' id='word_1_71' title='bbox 1457 1811 1667 1905; x_wconf 88' lang='lat' dir='ltr'>prius</span> <span class='ocrx_word' id='word_1_72' title='bbox 1708 1810 2047 1884; x_wconf 84' lang='lat' dir='ltr'>exultare</span> <span class='ocrx_word' id='word_1_73' title='bbox 2084 1819 2159 1884; x_wconf 90' lang='lat' dir='ltr'>te</span> <span class='ocrx_word' id='word_1_74' title='bbox 2198 1812 2510 1907; x_wconf 88' lang='lat' dir='ltr'>dignum</span> <span class='ocrx_word' id='word_1_75' title='bbox 2547 1818 2657 1883; x_wconf 87' lang='lat' dir='ltr'>est</span> 
     </span>
     <span class='ocr_line' id='line_1_12' title="bbox 479 1929 2655 2026; baseline -0 -21"><span class='ocrx_word' id='word_1_76' title='bbox 479 1957 707 2026; x_wconf 91' lang='lat' dir='ltr'>quam</span> <span class='ocrx_word' id='word_1_77' title='bbox 758 1932 1141 2025; x_wconf 80' lang='lat' dir='ltr'>utrimque</span> <span class='ocrx_word' id='word_1_78' title='bbox 1194 1931 1494 2026; x_wconf 84' lang='lat' dir='ltr'>plenius</span> <span class='ocrx_word' id='word_1_79' title='bbox 1546 1929 1778 2004; x_wconf 87' lang='lat' dir='ltr'>fuerit</span> <span class='ocrx_word' id='word_1_80' title='bbox 1819 1941 2270 2026; x_wconf 86' lang='lat' dir='ltr'>peroratum,</span> <span class='ocrx_word' id='word_1_81' title='bbox 2329 1932 2655 2004; x_wconf 86' lang='lat' dir='ltr'>maxime</span> 
     </span>
     <span class='ocr_line' id='line_1_13' title="bbox 481 2051 2655 2142; baseline -0 -18"><span class='ocrx_word' id='word_1_82' title='bbox 481 2078 656 2126; x_wconf 90' lang='lat' dir='ltr'>cum</span> <span class='ocrx_word' id='word_1_83' title='bbox 707 2077 864 2124; x_wconf 92' lang='lat' dir='ltr'>non</span> <span class='ocrx_word' id='word_1_84' title='bbox 915 2051 1146 2142; x_wconf 88' lang='lat' dir='ltr'>laudi,</span> <span class='ocrx_word' id='word_1_85' title='bbox 1215 2053 1346 2124; x_wconf 88' lang='lat' dir='ltr'>sed</span> <span class='ocrx_word' id='word_1_86' title='bbox 1397 2051 1702 2124; x_wconf 89' lang='lat' dir='ltr'>ueritati</span> <span class='ocrx_word' id='word_1_87' title='bbox 1764 2052 2214 2125; x_wconf 88' lang='lat' dir='ltr'>concinnare</span> <span class='ocrx_word' id='word_1_88' title='bbox 2278 2075 2655 2128; x_wconf 84' lang='lat' dir='ltr'>sermones</span> 
     </span>
     <span class='ocr_line' id='line_1_14' title="bbox 482 2172 2727 2268; baseline 0.001 -23"><span class='ocrx_word' id='word_1_89' title='bbox 482 2172 927 2266; x_wconf 84' lang='lat' dir='ltr'>disceptatio</span> <span class='ocrx_word' id='word_1_90' title='bbox 981 2180 1230 2245; x_wconf 87' lang='lat' dir='ltr'>uestra</span> <span class='ocrx_word' id='word_1_91' title='bbox 1280 2173 1598 2245; x_wconf 85' lang='lat' dir='ltr'>nitatur:</span> <span class='ocrx_word' id='word_1_92' title='bbox 1681 2180 1757 2244; x_wconf 88' lang='lat' dir='ltr'>et</span> <span class='ocrx_word' id='word_1_93' title='bbox 1800 2195 2257 2265; x_wconf 91' lang='lat' dir='ltr'>quamquam</span> <span class='ocrx_word' id='word_1_94' title='bbox 2299 2196 2654 2268; x_wconf 86' lang='lat' dir='ltr'>magnum</span> <span class='ocrx_word' id='word_1_95' title='bbox 2691 2193 2727 2247; x_wconf 84' lang='lat'><strong>3</strong></span> 
     </span>
     <span class='ocr_line' id='line_1_15' title="bbox 483 2291 2651 2382; baseline 0 -18"><span class='ocrx_word' id='word_1_96' title='bbox 483 2294 566 2364; x_wconf 90' lang='lat' dir='ltr'>in</span> <span class='ocrx_word' id='word_1_97' title='bbox 603 2293 909 2364; x_wconf 90' lang='lat' dir='ltr'>modum</span> <span class='ocrx_word' id='word_1_98' title='bbox 944 2316 1064 2364; x_wconf 92' lang='lat' dir='ltr'>me</span> <span class='ocrx_word' id='word_1_99' title='bbox 1101 2292 1362 2365; x_wconf 86' lang='lat' dir='ltr'>subtili</span> <span class='ocrx_word' id='word_1_100' title='bbox 1394 2293 1761 2365; x_wconf 90' lang='lat' dir='ltr'>uarietate</span> <span class='ocrx_word' id='word_1_101' title='bbox 1797 2301 1928 2366; x_wconf 90' lang='lat' dir='ltr'>tua</span> <span class='ocrx_word' id='word_1_102' title='bbox 1964 2291 2357 2365; x_wconf 90' lang='lat' dir='ltr'>delectarit</span> <span class='ocrx_word' id='word_1_103' title='bbox 2391 2293 2651 2382; x_wconf 81' lang='lat' dir='ltr'>cratin,</span> 
     </span>
    </p>

    <p class='ocr_par' dir='ltr' id='par_1_6' title="bbox 404 2411 2725 2990">
     <span class='ocr_line' id='line_1_16' title="bbox 404 2411 2656 2507; baseline 0 -24"><span class='ocrx_word' id='word_1_104' title='bbox 404 2442 458 2483; x_wconf 71' lang='grc' dir='ltr'>ιε</span> <span class='ocrx_word' id='word_1_105' title='bbox 485 2421 741 2486; x_wconf 91' lang='lat' dir='ltr'>tamen</span> <span class='ocrx_word' id='word_1_106' title='bbox 776 2411 998 2500; x_wconf 83' lang='lat' dir='ltr'>altius</span> <span class='ocrx_word' id='word_1_107' title='bbox 1037 2437 1365 2503; x_wconf 88' lang='lat' dir='ltr'>moueor,</span> <span class='ocrx_word' id='word_1_108' title='bbox 1421 2437 1577 2485; x_wconf 90' lang='lat' dir='ltr'>non</span> <span class='ocrx_word' id='word_1_109' title='bbox 1615 2415 1708 2484; x_wconf 92' lang='lat' dir='ltr'>de</span> <span class='ocrx_word' id='word_1_110' title='bbox 1744 2413 2123 2507; x_wconf 87' lang='lat' dir='ltr'>praesenti</span> <span class='ocrx_word' id='word_1_111' title='bbox 2157 2413 2472 2502; x_wconf 88' lang='lat' dir='ltr'>actione,</span> <span class='ocrx_word' id='word_1_112' title='bbox 2527 2414 2656 2485; x_wconf 90' lang='lat' dir='ltr'>sed</span> 
     </span>
     <span class='ocr_line' id='line_1_17' title="bbox 483 2532 2653 2630; baseline -0 -24"><span class='ocrx_word' id='word_1_113' title='bbox 483 2535 576 2606; x_wconf 90' lang='lat' dir='ltr'>de</span> <span class='ocrx_word' id='word_1_114' title='bbox 640 2542 797 2607; x_wconf 92' lang='lat' dir='ltr'>toto</span> <span class='ocrx_word' id='word_1_115' title='bbox 860 2557 1134 2630; x_wconf 90' lang='lat' dir='ltr'>genere</span> <span class='ocrx_word' id='word_1_116' title='bbox 1204 2533 1656 2628; x_wconf 86' lang='lat' dir='ltr'>disputandi,</span> <span class='ocrx_word' id='word_1_117' title='bbox 1737 2535 1942 2628; x_wconf 91' lang='lat' dir='ltr'>quod</span> <span class='ocrx_word' id='word_1_118' title='bbox 2003 2532 2449 2627; x_wconf 91' lang='lat' dir='ltr'>plerumque</span> <span class='ocrx_word' id='word_1_119' title='bbox 2515 2556 2653 2627; x_wconf 91' lang='lat' dir='ltr'>pro</span> 
     </span>
     <span class='ocr_line' id='line_1_18' title="bbox 482 2653 2653 2747; baseline -0 -22"><span class='ocrx_word' id='word_1_120' title='bbox 482 2654 1006 2727; x_wconf 88' lang='lat' dir='ltr'>disserentium</span> <span class='ocrx_word' id='word_1_121' title='bbox 1052 2654 1340 2726; x_wconf 88' lang='lat' dir='ltr'>uiribus</span> <span class='ocrx_word' id='word_1_122' title='bbox 1379 2662 1453 2726; x_wconf 92' lang='lat' dir='ltr'>et</span> <span class='ocrx_word' id='word_1_123' title='bbox 1498 2653 1976 2746; x_wconf 89' lang='lat' dir='ltr'>eloquentiae</span> <span class='ocrx_word' id='word_1_124' title='bbox 2023 2662 2389 2747; x_wconf 91' lang='lat' dir='ltr'>potestate</span> <span class='ocrx_word' id='word_1_125' title='bbox 2426 2653 2653 2726; x_wconf 91' lang='lat' dir='ltr'>etiam</span> 
     </span>
     <span class='ocr_line' id='line_1_19' title="bbox 478 2774 2725 2869; baseline -0.002 -21"><span class='ocrx_word' id='word_1_126' title='bbox 478 2775 923 2869; x_wconf 88' lang='lat' dir='ltr'>perspicuae</span> <span class='ocrx_word' id='word_1_127' title='bbox 977 2775 1316 2848; x_wconf 85' lang='lat' dir='ltr'>ueritatis</span> <span class='ocrx_word' id='word_1_128' title='bbox 1369 2775 1712 2847; x_wconf 90' lang='lat' dir='ltr'>condicio</span> <span class='ocrx_word' id='word_1_129' title='bbox 1756 2782 2109 2847; x_wconf 88' lang='lat' dir='ltr'>mutetur.</span> <span class='ocrx_word' id='word_1_130' title='bbox 2199 2775 2280 2846; x_wconf 92' lang='lat' dir='ltr'>id</span> <span class='ocrx_word' id='word_1_131' title='bbox 2316 2774 2654 2847; x_wconf 91' lang='lat' dir='ltr'>accidere</span> <span class='ocrx_word' id='word_1_132' title='bbox 2690 2791 2725 2844; x_wconf 85' lang='lat'>4</span> 
     </span>
     <span class='ocr_line' id='line_1_20' title="bbox 480 2892 2659 2990; baseline -0 -23"><span class='ocrx_word' id='word_1_133' title='bbox 480 2904 881 2990; x_wconf 88' lang='lat' dir='ltr'>pernotum</span> <span class='ocrx_word' id='word_1_134' title='bbox 933 2904 1045 2968; x_wconf 86' lang='lat' dir='ltr'>est</span> <span class='ocrx_word' id='word_1_135' title='bbox 1106 2895 1532 2967; x_wconf 90' lang='lat' dir='ltr'>auditorum</span> <span class='ocrx_word' id='word_1_136' title='bbox 1593 2892 1976 2984; x_wconf 88' lang='lat' dir='ltr'>facilitate,</span> <span class='ocrx_word' id='word_1_137' title='bbox 2054 2895 2187 2990; x_wconf 91' lang='lat' dir='ltr'>qui</span> <span class='ocrx_word' id='word_1_138' title='bbox 2248 2897 2427 2968; x_wconf 92' lang='lat' dir='ltr'>dum</span> <span class='ocrx_word' id='word_1_139' title='bbox 2486 2919 2659 2968; x_wconf 88' lang='lat' dir='ltr'>uer-</span> 
     </span>
    </p>

    <p class='ocr_par' dir='ltr' id='par_1_7' title="bbox 405 3015 2726 3590">
     <span class='ocr_line' id='line_1_21' title="bbox 405 3015 2652 3105; baseline 0.001 -20"><span class='ocrx_word' id='word_1_140' title='bbox 405 3042 458 3085; x_wconf 81' lang='lat'>20</span> <span class='ocrx_word' id='word_1_141' title='bbox 481 3017 750 3088; x_wconf 90' lang='lat' dir='ltr'>borum</span> <span class='ocrx_word' id='word_1_142' title='bbox 801 3015 1182 3088; x_wconf 88' lang='lat' dir='ltr'>lenocinio</span> <span class='ocrx_word' id='word_1_143' title='bbox 1239 3039 1284 3086; x_wconf 92' lang='lat' dir='ltr'>a</span> <span class='ocrx_word' id='word_1_144' title='bbox 1325 3039 1576 3089; x_wconf 86' lang='lat' dir='ltr'>rerum</span> <span class='ocrx_word' id='word_1_145' title='bbox 1631 3016 2176 3088; x_wconf 84' lang='lat' dir='ltr'>intentionibus</span> <span class='ocrx_word' id='word_1_146' title='bbox 2221 3025 2652 3105; x_wconf 88' lang='lat' dir='ltr'>auocantur‚</span> 
     </span>
     <span class='ocr_line' id='line_1_22' title="bbox 483 3135 2657 3208; baseline -0 -1"><span class='ocrx_word' id='word_1_147' title='bbox 483 3136 643 3208; x_wconf 85' lang='lat' dir='ltr'>sine</span> <span class='ocrx_word' id='word_1_148' title='bbox 682 3135 966 3208; x_wconf 91' lang='lat' dir='ltr'>dilectu</span> <span class='ocrx_word' id='word_1_149' title='bbox 1001 3137 1523 3208; x_wconf 87' lang='lat' dir='ltr'>adsentiuntur</span> <span class='ocrx_word' id='word_1_150' title='bbox 1559 3135 1777 3206; x_wconf 89' lang='lat' dir='ltr'>dictis</span> <span class='ocrx_word' id='word_1_151' title='bbox 1814 3136 2160 3207; x_wconf 87' lang='lat' dir='ltr'>omnibus</span> <span class='ocrx_word' id='word_1_152' title='bbox 2196 3159 2337 3206; x_wconf 92' lang='lat' dir='ltr'>nec</span> <span class='ocrx_word' id='word_1_153' title='bbox 2366 3159 2411 3205; x_wconf 91' lang='lat' dir='ltr'>a</span> <span class='ocrx_word' id='word_1_154' title='bbox 2435 3135 2657 3207; x_wconf 88' lang='lat' dir='ltr'>rectis</span> 
     </span>
     <span class='ocr_line' id='line_1_23' title="bbox 482 3253 2655 3347; baseline -0 -20"><span class='ocrx_word' id='word_1_155' title='bbox 482 3253 674 3328; x_wconf 85' lang='lat' dir='ltr'>falsa</span> <span class='ocrx_word' id='word_1_156' title='bbox 726 3264 1146 3347; x_wconf 88' lang='lat' dir='ltr'>secernunt,</span> <span class='ocrx_word' id='word_1_157' title='bbox 1204 3257 1622 3330; x_wconf 88' lang='lat' dir='ltr'>nescientes</span> <span class='ocrx_word' id='word_1_158' title='bbox 1677 3257 1918 3327; x_wconf 87' lang='lat' dir='ltr'>inesse</span> <span class='ocrx_word' id='word_1_159' title='bbox 1975 3262 2049 3326; x_wconf 94' lang='lat' dir='ltr'>et</span> <span class='ocrx_word' id='word_1_160' title='bbox 2101 3255 2182 3326; x_wconf 91' lang='lat' dir='ltr'>in</span> <span class='ocrx_word' id='word_1_161' title='bbox 2226 3255 2655 3327; x_wconf 87' lang='lat' dir='ltr'>incredibili</span> 
     </span>
     <span class='ocr_line' id='line_1_24' title="bbox 481 3374 2726 3469; baseline 0 -22"><span class='ocrx_word' id='word_1_162' title='bbox 481 3400 746 3448; x_wconf 91' lang='lat' dir='ltr'>uerum</span> <span class='ocrx_word' id='word_1_163' title='bbox 814 3383 891 3448; x_wconf 83' lang='lat' dir='ltr'>et</span> <span class='ocrx_word' id='word_1_164' title='bbox 958 3377 1040 3448; x_wconf 91' lang='lat' dir='ltr'>in</span> <span class='ocrx_word' id='word_1_165' title='bbox 1114 3375 1510 3449; x_wconf 88' lang='lat' dir='ltr'>uerisimili</span> <span class='ocrx_word' id='word_1_166' title='bbox 1587 3374 2084 3448; x_wconf 90' lang='lat' dir='ltr'>mendacium.</span> <span class='ocrx_word' id='word_1_167' title='bbox 2182 3374 2438 3468; x_wconf 90' lang='lat' dir='ltr'>itaque</span> <span class='ocrx_word' id='word_1_168' title='bbox 2506 3398 2654 3469; x_wconf 93' lang='lat' dir='ltr'>quo</span> <span class='ocrx_word' id='word_1_169' title='bbox 2690 3395 2726 3448; x_wconf 85' lang='lat'>5</span> 
     </span>
     <span class='ocr_line' id='line_1_25' title="bbox 482 3493 2656 3590; baseline -0.001 -22"><span class='ocrx_word' id='word_1_170' title='bbox 482 3496 780 3590; x_wconf 88' lang='lat' dir='ltr'>saepius</span> <span class='ocrx_word' id='word_1_171' title='bbox 828 3497 1518 3570; x_wconf 89' lang='lat' dir='ltr'>adseuerationibus</span> <span class='ocrx_word' id='word_1_172' title='bbox 1574 3498 1909 3585; x_wconf 86' lang='lat' dir='ltr'>credunt,</span> <span class='ocrx_word' id='word_1_173' title='bbox 1969 3519 2058 3568; x_wconf 92' lang='lat' dir='ltr'>eo</span> <span class='ocrx_word' id='word_1_174' title='bbox 2104 3493 2575 3588; x_wconf 84' lang='lat' dir='ltr'>frequentius</span> <span class='ocrx_word' id='word_1_175' title='bbox 2613 3520 2656 3566; x_wconf 93' lang='lat' dir='ltr'>a</span> 
     </span>
    </p>

    <p class='ocr_par' dir='ltr' id='par_1_8' title="bbox 402 3615 2655 3712">
     <span class='ocr_line' id='line_1_26' title="bbox 402 3615 2655 3712; baseline 0.001 -28"><span class='ocrx_word' id='word_1_176' title='bbox 402 3641 454 3685; x_wconf 79' lang='lat'>25</span> <span class='ocrx_word' id='word_1_177' title='bbox 481 3616 960 3711; x_wconf 86' lang='lat' dir='ltr'>peritioribus</span> <span class='ocrx_word' id='word_1_178' title='bbox 1021 3625 1472 3712; x_wconf 85' lang='lat' dir='ltr'>arguuntur;</span> <span class='ocrx_word' id='word_1_179' title='bbox 1543 3617 1649 3689; x_wconf 86' lang='lat' dir='ltr'>sic</span> <span class='ocrx_word' id='word_1_180' title='bbox 1714 3615 2184 3689; x_wconf 86' lang='lat' dir='ltr'>adsentiendi</span> <span class='ocrx_word' id='word_1_181' title='bbox 2237 3616 2655 3688; x_wconf 88' lang='lat' dir='ltr'>temeritate</span> 
     </span>
    </p>
   </div>
   <div class='ocr_carea' id='block_1_3' title="bbox 478 3801 2657 4319">
    <p class='ocr_par' dir='ltr' id='par_1_9' title="bbox 478 3801 2657 4319">
     <span class='ocr_line' id='line_1_27' title="bbox 611 3801 2656 3886; baseline -0.001 -21"><span class='ocrx_word' id='word_1_182' title='bbox 611 3806 648 3865; x_wconf 85' lang='lat'>5</span> <span class='ocrx_word' id='word_1_183' title='bbox 672 3806 952 3865; x_wconf 80' lang='lat' dir='ltr'>renidens</span> <span class='ocrx_word' id='word_1_184' title='bbox 973 3821 1032 3867; x_wconf 87' lang='lat' dir='ltr'>r:</span> <span class='ocrx_word' id='word_1_185' title='bbox 1057 3807 1324 3866; x_wconf 87' lang='lat' dir='ltr'>renitens</span> <span class='ocrx_word' id='word_1_186' title='bbox 1347 3809 1395 3866; x_wconf 93' lang='lat' dir='ltr'>P</span> <span class='ocrx_word' id='word_1_187' title='bbox 1435 3802 1460 3886; x_wconf 83' lang='grc' dir='ltr'>ΙΙ</span> <span class='ocrx_word' id='word_1_188' title='bbox 1505 3809 1539 3865; x_wconf 83' lang='grc'>’7</span> <span class='ocrx_word' id='word_1_189' title='bbox 1568 3807 1785 3882; x_wconf 85' lang='lat' dir='ltr'>ecquid</span> <span class='ocrx_word' id='word_1_190' title='bbox 1815 3805 2093 3866; x_wconf 67' lang='lat' dir='ltr'>Ursmus:</span> <span class='ocrx_word' id='word_1_191' title='bbox 2120 3814 2181 3865; x_wconf 90' lang='lat' dir='ltr'>et</span> <span class='ocrx_word' id='word_1_192' title='bbox 2204 3806 2311 3882; x_wconf 88' lang='lat' dir='ltr'>qui</span> <span class='ocrx_word' id='word_1_193' title='bbox 2332 3808 2381 3864; x_wconf 94' lang='lat' dir='ltr'>P</span> <span class='ocrx_word' id='word_1_194' title='bbox 2412 3801 2438 3885; x_wconf 85' lang='grc' dir='ltr'>ΙΙ</span> <span class='ocrx_word' id='word_1_195' title='bbox 2480 3807 2519 3865; x_wconf 91' lang='grc'>8</span> <span class='ocrx_word' id='word_1_196' title='bbox 2550 3825 2656 3882; x_wconf 85' lang='lat' dir='ltr'>pa-</span> 
     </span>
     <span class='ocr_line' id='line_1_28' title="bbox 479 3888 2657 3974; baseline 0 -24"><span class='ocrx_word' id='word_1_197' title='bbox 479 3900 691 3951; x_wconf 83' lang='lat' dir='ltr'>tronus</span> <span class='ocrx_word' id='word_1_198' title='bbox 708 3893 965 3951; x_wconf 86' lang='lat' dir='ltr'>istorum</span> <span class='ocrx_word' id='word_1_199' title='bbox 978 3909 1121 3953; x_wconf 72' lang='lat' dir='ltr'>nos:</span> <span class='ocrx_word' id='word_1_200' title='bbox 1140 3893 1503 3970; x_wconf 83' lang='lat' dir='ltr'>pistorumP</span> <span class='ocrx_word' id='word_1_201' title='bbox 1535 3889 1561 3974; x_wconf 78' lang='lat' dir='ltr'>ss</span> <span class='ocrx_word' id='word_1_202' title='bbox 1595 3893 1632 3952; x_wconf 86' lang='lat'>9</span> <span class='ocrx_word' id='word_1_203' title='bbox 1658 3893 1903 3953; x_wconf 86' lang='lat' dir='ltr'>interim</span> <span class='ocrx_word' id='word_1_204' title='bbox 1919 3894 2143 3953; x_wconf 74' lang='lat' dir='ltr'>nostin</span> <span class='ocrx_word' id='word_1_205' title='bbox 2161 3914 2299 3951; x_wconf 88' lang='lat' dir='ltr'>eum</span> <span class='ocrx_word' id='word_1_206' title='bbox 2316 3895 2365 3951; x_wconf 95' lang='lat' dir='ltr'>P</span> <span class='ocrx_word' id='word_1_207' title='bbox 2396 3888 2422 3972; x_wconf 81' lang='grc' dir='ltr'>Η</span> <span class='ocrx_word' id='word_1_208' title='bbox 2458 3891 2540 3952; x_wconf 90' lang='grc'>10</span> <span class='ocrx_word' id='word_1_209' title='bbox 2563 3891 2657 3950; x_wconf 88' lang='lat' dir='ltr'>di-</span> 
     </span>
     <span class='ocr_line' id='line_1_29' title="bbox 480 3974 2655 4059; baseline -0.001 -21"><span class='ocrx_word' id='word_1_210' title='bbox 480 3999 666 4055; x_wconf 81' lang='lat' dir='ltr'>gnum</span> <span class='ocrx_word' id='word_1_211' title='bbox 682 3988 776 4038; x_wconf 83' lang='lat' dir='ltr'>est</span> <span class='ocrx_word' id='word_1_212' title='bbox 793 3995 932 4038; x_wconf 76' lang='lat' dir='ltr'>nos:</span> <span class='ocrx_word' id='word_1_213' title='bbox 960 3981 1212 4056; x_wconf 87' lang='lat' dir='ltr'>dignum</span> <span class='ocrx_word' id='word_1_214' title='bbox 1236 3988 1329 4038; x_wconf 87' lang='lat' dir='ltr'>est</span> <span class='ocrx_word' id='word_1_215' title='bbox 1351 3981 1755 4039; x_wconf 86' lang='lat' dir='ltr'>concinnitate</span> <span class='ocrx_word' id='word_1_216' title='bbox 1779 3979 2072 4039; x_wconf 83' lang='lat' dir='ltr'>sermonis</span> <span class='ocrx_word' id='word_1_217' title='bbox 2095 3981 2143 4038; x_wconf 99' lang='lat' dir='ltr'>P</span> <span class='ocrx_word' id='word_1_218' title='bbox 2174 3974 2198 4059; x_wconf 86' lang='grc' dir='ltr'>ΙΙ</span> <span class='ocrx_word' id='word_1_219' title='bbox 2234 3980 2313 4037; x_wconf 84' lang='grc'>12</span> <span class='ocrx_word' id='word_1_220' title='bbox 2336 3978 2526 4056; x_wconf 85' lang='lat' dir='ltr'>laudi,</span> <span class='ocrx_word' id='word_1_221' title='bbox 2551 3979 2655 4037; x_wconf 88' lang='lat' dir='ltr'>sed</span> 
     </span>
     <span class='ocr_line' id='line_1_30' title="bbox 489 4064 2657 4143; baseline -0.001 -17"><span class='ocrx_word' id='word_1_222' title='bbox 489 4064 790 4126; x_wconf 77' lang='lat' dir='ltr'>Gelenius:</span> <span class='ocrx_word' id='word_1_223' title='bbox 814 4066 1014 4126; x_wconf 84' lang='lat' dir='ltr'>laudis</span> <span class='ocrx_word' id='word_1_224' title='bbox 1033 4075 1093 4125; x_wconf 89' lang='lat' dir='ltr'>et</span> <span class='ocrx_word' id='word_1_225' title='bbox 1109 4069 1158 4125; x_wconf 94' lang='lat' dir='ltr'>P</span> <span class='ocrx_word' id='word_1_226' title='bbox 1190 4064 1215 4143; x_wconf 78' lang='grc' dir='ltr'>ΙΙ</span> <span class='ocrx_word' id='word_1_227' title='bbox 1247 4067 1600 4125; x_wconf 86' lang='lat' dir='ltr'>concinnare</span> <span class='ocrx_word' id='word_1_228' title='bbox 1619 4086 1924 4126; x_wconf 84' lang='lat' dir='ltr'>sermones</span> <span class='ocrx_word' id='word_1_229' title='bbox 1944 4079 2080 4124; x_wconf 73' lang='lat' dir='ltr'>nos:</span> <span class='ocrx_word' id='word_1_230' title='bbox 2108 4067 2507 4124; x_wconf 86' lang='lat' dir='ltr'>concinnitate</span> <span class='ocrx_word' id='word_1_231' title='bbox 2532 4084 2657 4123; x_wconf 83' lang='lat' dir='ltr'>ser-</span> 
     </span>
     <span class='ocr_line' id='line_1_31' title="bbox 479 4148 2650 4233; baseline -0.001 -23"><span class='ocrx_word' id='word_1_232' title='bbox 479 4153 678 4211; x_wconf 80' lang='lat' dir='ltr'>monis</span> <span class='ocrx_word' id='word_1_233' title='bbox 707 4154 756 4210; x_wconf 93' lang='lat' dir='ltr'>P</span> <span class='ocrx_word' id='word_1_234' title='bbox 797 4151 868 4210; x_wconf 69' lang='lat' dir='ltr'>‘bn</span> <span class='ocrx_word' id='word_1_235' title='bbox 895 4170 956 4211; x_wconf 76' lang='lat' dir='ltr'>u.</span> <span class='ocrx_word' id='word_1_236' title='bbox 994 4153 1076 4213; x_wconf 88' lang='lat'>10</span> <span class='ocrx_word' id='word_1_237' title='bbox 1108 4149 1133 4233; x_wconf 83' lang='grc' dir='ltr'>Η</span> <span class='ocrx_word' id='word_1_238' title='bbox 1176 4153 1255 4210; x_wconf 85' lang='grc'>21</span> <span class='ocrx_word' id='word_1_239' title='bbox 1303 4151 1528 4212; x_wconf 74' lang='lat' dir='ltr'>dilectl‘i</span> <span class='ocrx_word' id='word_1_240' title='bbox 1557 4156 1606 4212; x_wconf 95' lang='lat' dir='ltr'>P</span> <span class='ocrx_word' id='word_1_241' title='bbox 1637 4148 1664 4232; x_wconf 88' lang='grc' dir='ltr'>ΙΙ</span> <span class='ocrx_word' id='word_1_242' title='bbox 1709 4154 1790 4212; x_wconf 84' lang='grc'>22</span> <span class='ocrx_word' id='word_1_243' title='bbox 1822 4154 1887 4211; x_wconf 88' lang='lat' dir='ltr'>in</span> <span class='ocrx_word' id='word_1_244' title='bbox 1916 4152 2260 4211; x_wconf 85' lang='lat' dir='ltr'>incredibili</span> <span class='ocrx_word' id='word_1_245' title='bbox 2289 4150 2650 4210; x_wconf 79' lang='lat' dir='ltr'>Balduinus:</span> 
     </span>
     <span class='ocr_line' id='line_1_32' title="bbox 478 4230 2656 4319; baseline -0 -22"><span class='ocrx_word' id='word_1_246' title='bbox 478 4237 827 4297; x_wconf 88' lang='lat' dir='ltr'>incredibili</span> <span class='ocrx_word' id='word_1_247' title='bbox 856 4241 904 4298; x_wconf 99' lang='lat' dir='ltr'>P</span> <span class='ocrx_word' id='word_1_248' title='bbox 936 4234 960 4318; x_wconf 83' lang='grc' dir='ltr'>ΙΙ</span> <span class='ocrx_word' id='word_1_249' title='bbox 995 4239 1076 4298; x_wconf 84' lang='grc'>23</span> <span class='ocrx_word' id='word_1_250' title='bbox 1108 4239 1441 4298; x_wconf 84' lang='lat' dir='ltr'>uerisimile</span> <span class='ocrx_word' id='word_1_251' title='bbox 1465 4242 1512 4298; x_wconf 91' lang='lat' dir='ltr'>P</span> <span class='ocrx_word' id='word_1_252' title='bbox 1545 4236 1570 4319; x_wconf 81' lang='grc' dir='ltr'>ΙΙ</span> <span class='ocrx_word' id='word_1_253' title='bbox 1604 4239 1685 4298; x_wconf 84' lang='grc'>25</span> <span class='ocrx_word' id='word_1_254' title='bbox 1718 4238 2093 4298; x_wconf 68' lang='lat' dir='ltr'>adsentiendi</span> <span class='ocrx_word' id='word_1_255' title='bbox 2119 4253 2256 4298; x_wconf 79' lang='lat' dir='ltr'>nos:</span> <span class='ocrx_word' id='word_1_256' title='bbox 2290 4239 2536 4297; x_wconf 85' lang='lat' dir='ltr'>adsidue</span> <span class='ocrx_word' id='word_1_257' title='bbox 2568 4240 2615 4296; x_wconf 91' lang='lat' dir='ltr'>P</span> <span class='ocrx_word' id='word_1_258' title='bbox 2637 4230 2656 4318; x_wconf 78' lang='grc' dir='ltr'>Η</span> 
     </span>
    </p>
   </div>
  </div>
 </body>
</html>
