3309 5192
1351 573 1765 648 -65-

467 782 1022 874 expectandum
1083 782 1298 854 nobis
1378 783 1603 854 etiam
1668 785 1997 878 corporis
2058 809 2197 856 uer
2261 793 2394 858 est.
2502 811 2643 859 nec

462 902 724 996 ignoro
789 902 1191 996 plerosque
1269 903 1722 976 conscientia
1801 905 2236 980 meritorum
2297 905 2491 978 nihil
2562 931 2640 980 se

463 1045 620 1094 esse
674 1030 848 1116 post
897 1031 1215 1095 mortem
1253 1025 1486 1124 magis
1525 1032 1784 1118 optare
1823 1048 2050 1117 quam
2096 1028 2429 1116 credere3
2487 1053 2639 1098 ma-

460 1141 629 1214 lunt
683 1143 884 1215 enim
940 1144 1282 1239 extingui
1333 1146 1632 1238 penitus
1688 1169 1916 1239 quam
1952 1147 2045 1216 ad
2102 1147 2473 1241 supplicia
2526 1173 2640 1220 re-

405 1293 432 1333 s
459 1263 730 1356 parari.
823 1287 1146 1356 quorum
1191 1287 1398 1336 error
1433 1274 1750 1361 augetur
1804 1273 1879 1338 et
1929 1265 2278 1348 libertate
2330 1268 2639 1340 remissa

461 1391 536 1456 et
610 1384 730 1456 dei
795 1385 1161 1478 patientia
1231 1385 1578 1474 maxima,
1660 1386 1869 1457 cuius
1934 1395 2213 1478 quanto
2276 1388 2638 1460 iudicium

458 1505 774 1594 tardum,
831 1513 1039 1578 tanto
1095 1505 1330 1600 magis
1385 1507 1666 1578 iustum
1719 1514 1849 1577 est.
1946 1515 2021 1580 et
2073 1515 2327 1579 tamen
2378 1509 2633 1580 admo-
2649 1513 2743 1581 35

457 1631 734 1697 nentur
785 1625 1127 1698 homines
1167 1626 1762 1699 doctissimorum
1795 1625 2008 1698 libris
2062 1635 2139 1700 et
2182 1629 2635 1702 carminibus

457 1754 852 1838 poetarum
886 1744 1088 1818 illius
1125 1747 1347 1842 ignei,
1406 1747 1539 1839 qui
1569 1747 2003 1824 fluminibus
2050 1756 2125 1819 et
2159 1747 2438 1841 palude
2475 1772 2635 1821 sae-

377 1895 428 1938 10
457 1866 626 1959 pius
697 1867 1040 1957 ambitur,
1125 1868 1430 1958 ardoris,
1496 1891 1724 1961 quem
1788 1868 2237 1940 cruciatibus
2312 1871 2632 1941 aeternis

455 1995 984 2080 praeparatum
1057 1996 1130 2059 et
1193 1988 1642 2058 daemonum
1705 1988 2057 2059 uindictis
2129 1989 2634 2085 excogitatum

456 2107 943 2180 tradiderunt.
1042 2116 1115 2180 et
1168 2109 1338 2180 ideo
1377 2108 1578 2200 apud
1635 2131 1761 2179 eos
1798 2108 2024 2180 etiam
2067 2109 2228 2202 ipse
2283 2133 2419 2180 rex
2455 2111 2632 2204 Iup·
2668 2129 2703 2182 2

458 2227 655 2319 piter
706 2251 841 2321 per
893 2232 1256 2301 torrentes
1292 2229 1492 2322 ripas
1549 2235 1624 2300 et
1676 2237 1913 2301 atram
1948 2229 2389 2324 uoraginem
2436 2230 2634 2302 iurat

457 2347 832 2443 religiose3
894 2349 1338 2422 destinatam
1393 2349 1588 2420 enim
1629 2349 1772 2420 sibi
1826 2373 1998 2420 cum
2034 2349 2183 2420 suis
2221 2349 2631 2422 cultoribus

378 2497 429 2538 15
457 2492 780 2561 poenam
834 2471 1210 2562 praescius
1257 2468 1779 2566 perhorrescit,
1871 2492 2014 2541 nec
2058 2470 2447 2541 tormentis
2501 2479 2631 2542 aut
2666 2489 2701 2543 3

454 2590 716 2661 modus
753 2589 954 2661 ullus
991 2599 1119 2662 aut
1153 2591 1535 2664 terminus.
1628 2589 1787 2662 illic
1824 2591 2119 2684 sapiens
2165 2589 2360 2684 ignis
2397 2614 2631 2662 mem—

457 2711 588 2780 bra
635 2710 787 2782 urit
841 2718 915 2784 et
949 2711 1209 2800 reficit,
1270 2711 1510 2805 carpit
1545 2718 1620 2783 et
1653 2710 1913 2784 nutrit.
2004 2710 2195 2780 sicut
2230 2711 2441 2805 ignes
2479 2707 2631 2793 ful,-

454 2831 743 2901 minum
795 2854 1111 2924 corpora
1145 2839 1465 2927 tangunt
1514 2855 1655 2903 nec
1694 2832 2113 2919 absumunt,
2172 2831 2365 2902 sicut
2414 2831 2629 2926 ignes

455 2951 778 3023 Aetnaei
832 2959 907 3023 et
941 2951 1179 3024 Vesui
1229 2953 1500 3024 montis
1556 2961 1632 3024 et
1668 2951 2093 3024 ardentium
2144 2951 2427 3044 ubique
2480 2961 2631 3025 ter-

375 3097 428 3140 20
455 3095 706 3164 rarum
766 3071 1085 3167 flagrant
1153 3096 1293 3144 nec
1354 3080 1785 3167 erogantur:
1870 3071 1975 3145 ita
2044 3070 2365 3164 poenale
2436 3072 2629 3143 illud

453 3191 886 3264 incendium
938 3216 1092 3265 non
1146 3193 1432 3264 damnis
1469 3192 1898 3263 ardentium·
1926 3191 2275 3285 pascitur,
2334 3192 2464 3263 sed
2517 3192 2629 3264 in-

455 3336 678 3385 exesa
744 3337 1140 3407 corporum
1199 3311 1653 3385 laceratione
1722 3312 2070 3383 nutritur.
2186 3335 2311 3383 eos
2379 3319 2629 3383 autem
2664 3336 2699 3390 4

455 3434 720 3506 merito
775 3434 1132 3526 torqueri,
1192 3433 1323 3525 qui
1377 3433 1602 3505 deum
1635 3433 2001 3523 nesciunt,
2059 3440 2143 3504 ut
2194 3432 2485 3525 impios,
2542 3441 2629 3504 ut

452 3554 786 3648 iniustOS,
843 3555 990 3626 nisi
1041 3551 1398 3648 profanus
1435 3577 1655 3626 nemo
1695 3553 2081 3643 deliberat,
2140 3577 2312 3624 cum
2357 3576 2629 3647 paren-

605 3777 642 3836 5
692 3785 752 3836 et
793 3778 1072 3838 libertate
1114 3793 1255 3838 nos:
1318 3787 1379 3837 et
1422 3777 1489 3836 in
1532 3779 1735 3837 seculo
1781 3777 2057 3836 libertate
2101 3780 2149 3835 P
2196 3773 2222 3857 ΙΙ
2264 3777 2304 3835 8
2349 3777 2523 3835 libris
2566 3792 2624 3836 r:

450 3863 584 3924 liris
629 3868 678 3924 P
718 3861 744 3946 Η
792 3866 830 3925 9
876 3865 1045 3942 ignei
1077 3910 1090 3924 .
1119 3911 1132 3925 .
1163 3911 1177 3925 .
1207 3908 1220 3924 .
1254 3865 1484 3924 ardoris
1526 3881 1669 3923 nos:
1716 3864 1884 3941 ignei
1912 3863 2179 3922 fluminis
2224 3870 2285 3923 et
2314 3864 2388 3922 de
2422 3863 2629 3940 Stygia

451 3951 671 4026 palude
717 3952 958 4029 saepius
989 3951 1309 4012 ambientis
1339 3951 1568 4009 ardoris
1612 3953 1662 4009 P
1702 3945 1727 4030 Η
1772 3949 1853 4009 10
1900 3971 2080 4024 quem
2121 3965 2261 4009 nos:
2320 3969 2471 4024 quae
2516 3952 2565 4008 P
2608 3943 2629 4030 ΙΙ

457 4038 533 4095 11
580 4047 998 4114 praeparatum
1030 4053 1168 4098 nos:
1216 4045 1564 4115 praeparata
1593 4039 1642 4095 P
1674 4033 1699 4114 ΙΙ
1730 4037 2019 4095 uindictis
2050 4036 2455 4112 excogitatum
2486 4049 2623 4095 nos:

453 4123 697 4182 iudiciis
727 4132 788 4184 et
816 4125 891 4184 de
923 4125 1179 4185 oraculis
1207 4125 1575 4201 profetarum
1620 4123 1861 4201 cognita
1905 4126 1954 4181 P
1994 4117 2019 4202 ΙΙ
2063 4122 2145 4180 14
2191 4120 2487 4182 destinata
2516 4125 2565 4181 P
2608 4115 2629 4203 Η

456 4209 536 4268 19
581 4212 842 4271 Aetnaei
889 4209 1204 4290 (Oehlerus)
1251 4219 1312 4270 et
1343 4209 1533 4271 Vesui
1577 4208 1801 4268 montis
1845 4224 1985 4268 nos:
2034 4210 2254 4268 hennei
2296 4209 2520 4269 montis
2566 4217 2629 4268 et

451 4296 609 4354 lesui
652 4297 876 4357 montis
919 4301 968 4357 P
1007 4294 1034 4376 ΙΙ

555 4409 584 4451 S
595 4421 618 4452 c
627 4411 658 4453 h
669 4413 693 4454 ὃ
703 4425 732 4454 n
745 4424 769 4456 ο
778 4445 790 4467 ,
814 4411 1044 4456 Minucius.
2282 4409 2317 4463 5
