3309 5192
1300 583 1717 658 —41—

416 791 637 883 Iunc,
728 793 1047 887 pedibus
1125 793 1552 866 Mercurius
1631 792 1869 884 alatis,
1957 793 2119 868 Pan
2188 795 2593 892 ungulatis,

418 911 782 986 Saturnus
873 915 1336 1009 compeditis.
1464 915 1691 987 Ianus
1774 937 1956 986 uero
2042 911 2325 989 frontes
2415 919 2598 990 duas
2712 965 2718 970 -

414 1041 679 1128 gestat,
750 1035 962 1127 quasi
1026 1044 1102 1108 et
1169 1058 1474 1108 auersus
1552 1033 1875 1106 incedat.
1985 1034 2235 1108 Diana
2294 1037 2599 1111 interim

413 1153 690 1226 stolata
731 1161 1091 1245 matrona,
1147 1155 1450 1228 interim
1487 1164 1598 1228 est
1632 1155 1783 1227 alte
1829 1154 2207 1227 succincta
2249 1159 2599 1232 uenatrix

363 1303 386 1342 ⁵
415 1282 492 1346 et
543 1274 879 1370 Ephesia
940 1275 1281 1347 mammis
1342 1275 1596 1348 multis
1667 1283 1742 1347 et
1802 1275 2157 1347 uberibus
2222 1287 2599 1351 exstructa

415 1403 490 1467 et
543 1394 804 1468 Triuia
855 1395 1068 1468 trinis
1123 1395 1494 1489 capitibus
1543 1403 1619 1468 et
1664 1395 1919 1468 multis
1964 1397 2308 1470 manibus
2355 1398 2597 1470 horri-

411 1515 578 1588 fica.
684 1517 866 1609 quid
929 1517 1090 1610 ipse
1156 1514 1503 1611 Iuppiter
1563 1515 1863 1590 uester?
1948 1519 2173 1590 modo
2237 1519 2590 1608 inberbiS,
2632 1533 2668 1588 6

411 1637 640 1709 modo
705 1638 1062 1710 barbatus
1113 1636 1433 1724 locatur3
1509 1647 1584 1710 et
1637 1663 1811 1711 cum
1864 1637 2247 1711 Hammon
2302 1640 2593 1730 dicitur,

410 1758 646 1830 habet
679 1781 981 1848 cornua,
1033 1765 1108 1832 et
1143 1782 1316 1829 cum
1343 1757 1837 1852 Capitolinus,
1879 1759 2185 1832 trisulca
2220 1760 2414 1855 gerit
2448 1757 2596 1832 ful-

337 1905 384 1947 ιο
411 1878 643 1968 mina,
702 1886 777 1950 et
821 1902 993 1950 cum
1035 1878 1376 1968 LatiariS,
1435 1902 1698 1951 cruore
1745 1876 2243 1973 perfunditur,
2304 1889 2379 1953 et
2425 1905 2597 1952 cum

411 1998 816 2089 Feretrius,
873 1999 1019 2071 nisi
1064 2009 1252 2071 cum⁸
1279 1997 1558 2093 spoliis,
1617 2023 1773 2072 non
1817 2001 2083 2073 aditur.
2176 2009 2252 2073 et
2284 2024 2381 2072 ne
2429 2000 2596 2074 lon-

411 2119 580 2213 gius
615 2119 1030 2214 permultos
1063 2120 1286 2191 Ioues
1325 2121 1612 2210 obeam,
1672 2128 1784 2192 tot
1819 2129 1993 2193 sunt
2025 2121 2231 2194 Iouis
2266 2129 2596 2194 monstra

412 2247 602 2332 quot
636 2241 963 2312 nomina.
1039 2239 1473 2313 Melicertes
1511 2248 1586 2312 et
1620 2241 2056 2314 Leucothea
2090 2241 2595 2335 praecipitan-
2632 2259 2664 2311 7

411 2368 539 2432 tur
573 2361 655 2433 in
690 2362 925 2433 maria
962 2370 1037 2433 et
1070 2361 1263 2433 fiunt
1297 2362 1775 2454 postmodum
1810 2363 2033 2433 maris
2061 2362 2392 2452 numina,
2433 2361 2595 2434 Eri-

338 2505 610 2589 15Ug0ne
663 2505 1022 2576 suspensa
1068 2482 1158 2553 de
1204 2481 1477 2574 laqueo
1529 2488 1661 2572 est,
1719 2490 1804 2554 ut
1854 2483 2069 2577 uirgo
2132 2483 2329 2554 inter
2400 2489 2596 2554 astra

409 2602 729 2699 figurata
782 2602 897 2693 sit,
958 2602 1300 2675 Castores
1337 2602 1642 2676 alternis
1696 2604 2117 2675 moriuntur
2168 2611 2252 2674 ut
2303 2602 2589 2693 uiuant,

410 2722 910 2817 Aesculapius
955 2732 1041 2796 ut
1081 2723 1163 2796 in
1209 2725 1434 2795 deum
1478 2732 1731 2820 surgat
1776 2720 2242 2814 fulminatur,
2298 2723 2591 2795 Hercu-

409 2843 522 2916 les
576 2852 661 2916 ut
725 2844 1110 2917 hominem
1165 2852 1392 2916 exuat
1447 2844 1750 2917 Oetaeis
1803 2845 2103 2940 ignibus
2166 2869 2594 2918 concrema-

411 2972 558 3037 tur.
648 2964 784 3035 has
838 2961 1131 3041 fabulas
1177 2971 1254 3035 et
1290 2987 1576 3037 errores
1627 2972 1703 3036 et
1738 2966 1832 3037 ab
1878 2965 2219 3060 inperitis
2263 2966 2592 3059 parenti·
2608 2974 2696 3042 23

337 3112 386 3154 20
409 3087 552 3157 bus
608 3084 958 3156 discimus
1015 3092 1110 3175 et,
1182 3086 1385 3178 quod
1439 3092 1551 3158 est
1603 3084 1925 3180 grauius,
1999 3085 2146 3178 ipsi
2198 3087 2462 3157 studiis
2518 3095 2592 3157 et

413 3204 830 3299 disciplinis
859 3203 1348 3296 elaboramUS,
1407 3213 1492 3277 ut
1519 3205 1653 3297 qui
1680 3205 2109 3276 studeamus
2139 3205 2590 3276 carminibus

407 3326 819 3419 praecipue
872 3333 1287 3419 poetarum,
1346 3325 1478 3418 qui
1525 3323 1939 3418 plurimum
1983 3330 2349 3418 quantum
2393 3325 2591 3395 ueri-

411 3447 549 3518 tati
602 3446 748 3540 ipsi
801 3470 934 3519 sua
987 3447 1429 3518 auctoritate
1483 3452 1924 3518 nocuerunt.
2020 3453 2095 3517 et
2137 3443 2357 3517 Plato
2409 3444 2583 3516 ideo
2626 3467 2661 3520 2

565 3705 606 3761 4
651 3703 896 3762 interim
950 3704 1168 3762 stolata
1223 3713 1494 3765 matrona
1549 3721 1663 3764 nos
1718 3701 2087 3763 inseruimus
2139 3699 2164 3782 Η
2220 3703 2257 3762 5
2302 3703 2592 3762 uberibus

420 3788 708 3850 Ursinus,
755 3791 1001 3848 ueribus
1030 3791 1080 3848 P
1111 3787 1136 3871 l}
1178 3791 1215 3850 6
1263 3791 1442 3850 tribia
1471 3791 1520 3848 P
1551 3786 1576 3870 Η
1619 3793 1654 3850 ’7
1704 3790 1971 3849 inbarbis
2003 3787 2171 3870 (corr.
2204 3807 2273 3850 επ
2302 3785 2590 3868 inbaruis)

412 3877 700 3936 statuitur
743 3877 792 3934 P
831 3872 858 3956 Η
899 3877 937 3935 9
983 3877 1232 3935 trisulca
1273 3893 1412 3936 nos:
1461 3889 1605 3937 tunc
1636 3880 1686 3936 P
1726 3873 1752 3956 ss
1797 3879 1872 3935 11
1907 3877 2031 3936 nisi
2060 3897 2196 3936 cum
2226 3875 2439 3953 spoliis
2468 3896 2593 3934 non

410 3964 611 4022 aditur
663 3978 801 4022 nos:
863 3983 986 4023 non
1046 3964 1287 4022 auditur
1329 3964 1378 4021 P
1432 3958 1457 4041 Η
1514 3965 1594 4023 12
1640 3965 1973 4064 permultos
2028 3978 2165 4022 nos:
2212 3964 2437 4022 multos
2482 3962 2531 4019 P
2574 3955 2595 4044 Η

415 4047 495 4108 13
543 4050 706 4124 quod
735 4050 784 4107 P
830 4046 856 4129 Η
894 4047 1073 4108 uerba
1115 4050 1461 4110 Melicertes
1503 4096 1516 4110 .
1546 4095 1560 4109 .
1590 4095 1602 4108 .
1645 4051 1911 4126 numina,
1968 4067 2118 4125 quae
2160 4048 2370 4108 desunt
2408 4047 2477 4106 in
2521 4049 2589 4122 P,

412 4135 681 4210 leyuntur
733 4135 896 4212 apud
955 4136 1092 4195 Ps.-
1063 4135 1407 4212 -prricm,
1475 4136 1636 4214 quod
1684 4135 1847 4196 idola
1898 4134 1987 4194 dii
2040 4152 2167 4194 non
2218 4133 2343 4193 sint
2392 4154 2439 4193 c.
2488 4135 2531 4192 2
2570 4127 2591 4216 ss

414 4221 494 4280 16
540 4224 790 4299 figurata
831 4237 972 4282 nos:
1005 4223 1208 4299 ignata
1237 4222 1286 4279 P
1319 4217 1344 4301 ΙΙ
1387 4222 1467 4281 18
1513 4224 1765 4284 henneis
1807 4223 1856 4280 P
1896 4221 1921 4300 ΙΙ
1967 4222 2049 4282 20
2093 4221 2215 4298 ipsi
2261 4219 2587 4281 Maur-sius:

411 4308 561 4399 ipsis
603 4309 654 4367 P
699 4307 724 4388 1}
770 4310 849 4367 21
897 4315 968 4368 ut
1006 4309 1114 4384 qui
1151 4310 1496 4368 studeamus
1539 4326 1652 4368 nos
1680 4307 2048 4371 ‘mseruimus
2078 4303 2103 4388 ΙΙ
