3309 5192
1315 583 1729 655 —49—

432 817 1000 886 nonnumquam
1037 801 1288 864 tamen
1325 793 1719 864 ueritatem
1756 791 1883 864 uel
1919 793 2253 886 auspicia
2293 793 2424 866 uel
2451 817 2614 866 ora-

435 914 606 988 cula
639 915 1070 1010 tetigerunt.
1130 937 1584 1006 quamquam
1611 913 1807 985 inter
1826 911 2064 985 multa
2090 914 2476 986 mendacia
2503 916 2613 986 ui·
2722 1011 2725 1014 ἱ

435 1035 594 1107 deri
646 1034 882 1128 possit
934 1034 1377 1106 industriam
1415 1057 1626 1105 casus
1670 1033 2024 1122 imitatus,
2084 1035 2474 1128 adgrediar
2508 1043 2614 1106 ta-

436 1179 610 1227 men
647 1153 934 1227 fontem
969 1155 1219 1248 ipsum
1257 1155 1525 1226 erroris
1573 1162 1648 1226 et
1685 1155 2094 1248 prauitatis,
2136 1156 2336 1226 unde
2373 1155 2613 1227 omnis

383 1307 409 1345 ε
440 1275 680 1370 caligo
715 1276 860 1347 ista
895 1275 1248 1364 manauit,
1291 1284 1367 1347 et
1393 1273 1614 1345 altius
1652 1299 1913 1346 eruere
1952 1282 2029 1347 et
2056 1277 2347 1369 aperire
2376 1277 2615 1346 mani-

436 1393 717 1468 festius.
776 1395 1078 1488 spiritus
1111 1405 1283 1468 sunt
1304 1394 1682 1484 insinceri,
1712 1397 1909 1491 uagi,
1951 1421 1995 1466 a
2024 1396 2328 1468 caelesti
2352 1397 2612 1491 uigore
2651 1411 2685 1465 8

435 1516 748 1588 terrenis
776 1515 1073 1588 labibus
1100 1525 1175 1588 et
1211 1515 1750 1609 cupiditatibus
1774 1517 2179 1612 degrauati.
2236 1517 2360 1590 isti
2384 1517 2617 1613 igitur

437 1636 761 1730 spirituS‚
818 1644 1308 1729 posteaquam
1363 1635 1923 1729 simplicitatem
1965 1638 2396 1731 impuritate
2442 1640 2615 1710 sub-

437 1756 750 1829 stantiae
823 1780 998 1828 suae
1056 1757 1305 1829 onusti
1358 1765 1434 1829 et
1483 1757 1791 1829 inmersi
1844 1758 2048 1830 uitiis
2102 1759 2609 1852 perdiderunt,

357 1903 410 1943 ιο
439 1879 533 1949 ad
587 1875 946 1949 solacium
1003 1876 1447 1950 calamitatis
1502 1901 1681 1949 suae
1734 1902 1888 1950 non
1942 1879 2294 1951 desinunt
2340 1881 2615 1974 perditi

433 1999 585 2069 iam
631 1999 948 2091 perdere
997 2006 1072 2070 et
1117 1999 1508 2091 deprauati
1554 2022 1882 2071 errorem
1924 1999 2315 2092 prauitatis
2361 1999 2616 2073 infun-

438 2119 611 2190 dere
670 2126 744 2190 et
795 2117 1104 2190 alienati
1157 2143 1202 2190 a
1256 2120 1396 2190 deo
1449 2119 1774 2191 inductis
1826 2120 2080 2212 prauis
2125 2119 2615 2215 religionibus
2651 2136 2684 2189 9

437 2241 531 2310 ab
569 2263 658 2311 eo
707 2263 1119 2334 segregare.
1212 2263 1337 2311 eos
1375 2237 1677 2332 spiritus
1715 2240 2113 2311 daemonas
2152 2264 2308 2312 esse
2346 2251 2613 2335 poetae

436 2360 702 2450 sciunt,
761 2359 1197 2453 philosophi
1233 2360 1625 2449 disserunt,
1686 2359 2023 2432 Socrates
2061 2362 2292 2452 nouit,
2353 2363 2485 2455 qui
2520 2364 2614 2434 ad

357 2505 408 2546 15
436 2490 704 2553 nutum
767 2488 840 2552 et
913 2480 1303 2552 arbitrium
1369 2481 1773 2553 adsidentis
1834 2481 1977 2552 sibi
2042 2482 2421 2553 daemonis
2484 2481 2612 2554 uel
2650 2497 2723 2552 10

437 2600 860 2673 declinabat
911 2601 1214 2697 negotia
1264 2601 1393 2673 uel
1459 2595 1965 2695 perpetrabat.
2058 2601 2258 2697 magi
2312 2624 2615 2694 quoque

434 2745 588 2793 non
639 2729 931 2794 tantum
985 2722 1231 2794 sciunt
1284 2723 1705 2811 daemonaS‚
1791 2723 1921 2794 sed
1976 2723 2201 2794 etiam
2257 2724 2615 2816 quicquid

436 2840 779 2913 miraculi
820 2841 1114 2931 ludunt,
1171 2866 1309 2935 per
1354 2844 1755 2914 daemonas
1801 2840 2119 2916 faciunt:
2177 2842 2331 2914 illis
2368 2844 2611 2938 adspi-

436 2962 772 3034 rantibus
801 2971 877 3034 et
907 2959 1480 3036 infundentibus
1509 2963 1945 3057 praestigias
1974 2965 2226 3054 edunt,
2265 2963 2394 3036 uel
2422 2989 2613 3058 quae
2653 2979 2718 3033 11
2797 2963 2800 2967 ’

358 3106 411 3149 20
436 3105 612 3153 non.
645 3090 817 3154 sunt
868 3082 1114 3154 uideri
1167 3081 1295 3154 uel
1340 3105 1532 3175 quae
1580 3091 1755 3154 sunt
1797 3106 1951 3154 non
1995 3085 2262 3156 uideri.
2357 3108 2615 3157 eorum

439 3225 824 3298 magorum
881 3212 955 3275 et
991 3203 1292 3297 eloquio
1351 3210 1424 3274 et
1460 3202 1764 3296 negotio
1803 3203 2086 3296 primus
2122 3203 2499 3277 Hostanes
2546 3213 2621 3277 et

439 3345 703 3394 uerum
751 3323 975 3395 deum
1022 3324 1287 3396 merita
1331 3323 1715 3395 maiestate
1761 3324 2239 3416 prosequitur
2287 3332 2361 3396 et
2398 3349 2620 3419 ange-

439 3441 573 3533 los,
645 3443 723 3514 id
795 3452 906 3516 est
969 3444 1343 3516 ministros
1410 3452 1485 3516 et
1553 3443 1857 3516 nuntios
1924 3444 2046 3515 dei
2112 3445 2364 3516 sedem
2425 3446 2622 3517 tueri

444 3562 752 3654 eiusque
799 3564 1272 3637 uenerationi
1315 3565 1531 3636 nouit
1567 3564 1944 3654 adsistere,
2000 3575 2084 3637 ut
2121 3575 2196 3637 et
2229 3573 2419 3637 nutu
2454 3565 2619 3658 ipso

359 3698 416 3760 πὸ
445 3692 518 3756 et
561 3683 783 3756 uultu
828 3684 1113 3756 domini
1159 3685 1397 3757 territi
1443 3694 2053 3759 contremescant.
2145 3686 2347 3757 idem
2396 3686 2621 3758 etiam
2740 3727 2743 3730 >

445 3807 842 3877 daemonas
879 3805 1212 3898 prodidit
1246 3814 1601 3907 terrenOS,
1652 3829 1904 3902 uagOS,
1956 3806 2438 3877 humanitatis
2475 3806 2622 3876 ini-

585 4046 621 4104 6
646 4045 940 4121 insingeri
972 4041 998 4122 ss
1033 4047 1068 4103 7
1094 4045 1334 4104 lauibus
1357 4047 1404 4103 P
1427 4065 1508 4105 m.
1529 4049 1560 4104 1
1591 4042 1616 4125 Η
1650 4047 1689 4105 8
1713 4047 2057 4124 impuritate
2081 4065 2193 4106 nos
2214 4046 2582 4106 inseruimus
2602 4040 2623 4120 Η

448 4133 525 4189 12
573 4132 644 4190 ab
676 4153 746 4190 eo
793 4130 1111 4191 Vonckius:
1155 4152 1188 4189 a
1219 4132 1330 4190 deo
1365 4133 1413 4190 P
1455 4131 1477 4210 Η
1529 4133 1607 4191 16
1654 4135 2035 4210 perpetrabat
2069 4149 2209 4192 ‘nost
2256 4135 2498 4210 petebat
2527 4135 2575 4192 P
2602 4127 2623 4204 ΙΙ

444 4219 524 4276 21
572 4238 928 4296 magnorum
957 4219 1006 4277 P
1051 4223 1184 4277 ante
1213 4236 1494 4276 rasuram
1525 4215 1550 4299 ΙΙ
1581 4223 1885 4279 Hostanes
1926 4219 2225 4280 Gelenius:
2264 4222 2575 4279 sosthenes
2604 4213 2624 4302 Η

444 4304 526 4362 23
573 4307 778 4363 sedem
811 4306 973 4365 tueri
1015 4303 1346 4365 Hartelius:
1397 4306 1503 4364 sed
1547 4313 1608 4364 et
1650 4307 1785 4364 ueri
1832 4303 1950 4383 (sed
1992 4315 2051 4365 et
2095 4303 2353 4386 erasum)
2399 4307 2448 4365 P
2480 4304 2505 4386 H

549 4415 791 4474 Schone,
819 4419 1050 4461 Minucius.
2279 4423 2314 4476 4
