3309 5192
1529 558 1998 634 -126—

671 784 848 836 uetus
893 788 986 835 est
1028 774 1130 833 lex
1171 773 1282 833 illa
1307 774 1502 833 iustae
1530 793 1830 848 ueraeque
1875 773 2177 833 amicitiae
2210 818 2223 833 .
2263 818 2300 852 .,
2346 783 2415 834 ut
2458 776 2623 836 idem
2668 779 2853 839 amici

673 882 911 940 semper
974 861 1194 920 uelint:
1253 880 1451 935 neque
1505 866 1598 918 est
1650 860 1850 919 ullum
1901 859 2204 920 amicitiae
2260 862 2482 921 certius
2536 864 2853 925 uinculum

675 968 856 1024 quam
899 966 1224 1007 consensus
1269 954 1332 1006 et
1373 946 1630 1005 societas
1678 947 2069 1006 consiliorum
2114 957 2175 1006 et
2217 948 2605 1008 uoluntatum
2619 945 2655 1010 ⁴?

801 1035 987 1094 Diese
1043 1034 1250 1112 Stelle,
1311 1033 1410 1091 die
1467 1034 1606 1091 dem
1656 1033 1967 1092 Minucius
2022 1032 2120 1093 bei
2173 1035 2371 1094 seiner
2412 1036 2703 1097 Vorliebe
2753 1039 2854 1097 fur

675 1120 886 1181 Cicero
930 1120 1130 1198 gewiss
1171 1120 1343 1182 nicht
1369 1121 1720 1179 unbekannt
1763 1140 1904 1197 war,
1950 1120 2084 1198 gibt
2124 1140 2240 1179 uns
2269 1142 2348 1180 m.
2381 1123 2450 1181 E.
2484 1122 2619 1182 eine
2664 1124 2853 1184 wich-

671 1209 796 1284 1138
825 1208 1161 1268 Handhabe
1205 1208 1304 1267 ffir
1333 1206 1433 1265 die
1462 1207 2029 1283 Rekonstruierung
2072 1207 2178 1266 des
2208 1210 2447 1268 Textes.
2524 1210 2702 1269 Denn
2735 1210 2851 1271 den

671 1314 998 1354 consensus
1026 1294 1412 1353 uoluntatum
1439 1294 1546 1353 hat
1572 1292 1881 1352 Minucius
1911 1292 2136 1353 bereits
2164 1295 2673 1374 hervorgehoben,
2720 1298 2848 1357 also

668 1381 820 1440 wird
848 1380 914 1439 in
945 1382 1062 1439 den
1089 1380 1575 1457 korrumpierten
1596 1383 1857 1440 Worten
1885 1398 2011 1437 von
2040 1380 2148 1439 der
2170 1380 2426 1440 societas
2456 1382 2850 1443 consiliorum

671 1467 768 1526 die
827 1470 996 1527 Rede
1055 1486 1332 1545 gewesen
1390 1465 1540 1526 sein.
1632 1466 1817 1525 Diese
1870 1467 2189 1525 Annahme
2249 1468 2402 1527 wird
2460 1469 2599 1528 sehr
2657 1472 2848 1529 wahr-

669 1554 1020 1631 scheinlich,
1067 1574 1240 1612 wenn
1285 1572 1423 1611 man
1468 1552 1669 1629 einige
1707 1553 1951 1612 weitere
1985 1553 2216 1613 Stellen
2246 1555 2493 1614 Ciceros
2534 1554 2631 1615 ins
2670 1559 2847 1633 Auge

667 1640 822 1701 fasst:
881 1642 954 1700 de
1001 1642 1181 1698 domo
1231 1640 1330 1717 12,
1360 1639 1444 1700 30
1496 1637 1766 1698 consiliis
1819 1639 2102 1699 omnibus
2143 1640 2419 1715 interfuit
2458 1641 2847 1703 fidelissimus

669 1726 894 1801 socia-33
952 1727 1026 1786 de
1071 1747 1198 1803 rep.
1250 1728 1308 1803 2,
1336 1726 1420 1787 20
1462 1725 1595 1801 regi
1637 1726 1957 1785 familiaris
2002 1734 2094 1785 est
2136 1727 2347 1803 factus,
2402 1746 2595 1803 usque
2640 1749 2733 1807 eo,
2778 1739 2848 1789 ut

669 1812 1060 1873 consiliorum
1090 1813 1360 1872 omnium
1389 1812 1693 1889 particeps
1738 1821 1799 1872 et
1838 1811 2041 1871 socius
2082 1833 2271 1890 paene
2301 1814 2474 1891 regni
2504 1822 2844 1891 putaretur;

670 1902 742 1959 de
775 1906 917 1959 orat.
956 1901 1014 1978 1,
1043 1900 1100 1976 7,
1129 1900 1212 1958 24
1255 1901 1342 1958 Μ.
1375 1899 1705 1977 Antonius,
1750 1900 1933 1958 homo
1981 1907 2041 1958 et
2086 1898 2475 1959 consiliorum
2518 1901 2583 1959 in
2624 1922 2690 1961 re
2733 1924 2849 1979 pu-

665 1986 828 2046 blica
869 1986 1071 2046 socius
1129 1994 1189 2045 et
1241 2006 1474 2044 summa
1527 2005 1664 2045 cum
1721 1986 2129 2045 familiaritate
2187 1988 2572 2062 coniunctus;
2629 2009 2722 2065 ep.
2772 1990 2847 2047 ad

667 2076 799 2133 Att.
850 2074 906 2151 1,
938 2073 1017 2132 18
1063 2080 1131 2131 tu
1161 2080 1382 2151 autem,
1427 2073 1534 2147 qui
1564 2072 1716 2131 mihi
1745 2072 1811 2130 in
1838 2073 2149 2149 republica
2176 2071 2376 2132 socius
2407 2083 2468 2145 et
2495 2074 2561 2131 in
2589 2074 2845 2151 priuatis

668 2158 951 2218 omnibus
997 2154 1209 2239 <rebus
1227 2154 1296 2239 ‘?>
1344 2158 1617 2218 conscius
1661 2166 1723 2218 et
1767 2158 2039 2217 omnium
2082 2178 2354 2218 meorum
2400 2179 2743 2219 sermonum
2786 2168 2847 2220 et

666 2244 1057 2305 consiliorwn
1085 2245 1387 2323 particeps
1416 2265 1546 2305 esse
1577 2246 1756 2322 soles,
1789 2246 1897 2304 ubi
1918 2239 2055 2317 es‘?;
2090 2248 2257 2305 Brut.
2288 2246 2343 2321 1,
2367 2248 2404 2305 2
2435 2246 2534 2305 1111·
2564 2247 2843 2325 egregius

669 2332 1318 2407 coniunctissimusque
1348 2351 1583 2391 mecum
1613 2330 2002 2390 consiliorum
2031 2332 2304 2391 omnium
2334 2328 2646 2409 societate;
2694 2335 2845 2392 dazu

665 2420 824 2479 Plin.
874 2440 968 2497 ep.
1020 2419 1076 2497 1,
1105 2418 1162 2497 5,
1194 2419 1272 2477 17
1327 2420 1473 2477 haec
1527 2418 1644 2477 tibi
1689 2418 1923 2494 scripsi,
1981 2418 2124 2493 quia
2179 2439 2385 2477 aecum
2431 2426 2577 2499 erat,
2631 2427 2691 2480 te
2734 2440 2845 2497 pro

666 2526 866 2565 amore
919 2512 1130 2565 mutuo
1189 2525 1312 2564 non
1365 2506 1564 2563 solum
1619 2504 1821 2563 omnia
1873 2525 2005 2563 mea
2060 2506 2216 2563 facta
2268 2506 2574 2583 dictaque,
2633 2527 2847 2565 uerum

667 2593 849 2652 etiam
892 2589 1143 2651 consilia
1187 2590 1544 2669 cognoscere
1588 2591 1715 2649 und
1756 2590 1915 2651 Vell.
1948 2594 2075 2650 Pat.
2115 2592 2171 2667 1,
2202 2594 2261 2668 1,
2287 2591 2325 2650 3
2370 2591 2533 2650 socia
2576 2594 2846 2652 omnium

665 2677 1056 2738 consiliorum
1101 2697 1304 2737 sorore
1349 2678 1603 2738 Electra.

796 2767 897 2823 An
942 2766 1050 2823 der
1076 2765 1260 2823 Hand
1305 2764 1502 2823 dieser
1532 2763 1766 2823 Stellen
1809 2784 1934 2821 nun
1962 2762 2070 2821 bin
2099 2764 2200 2822 ich
2228 2784 2302 2821 zu
2334 2764 2437 2821 der
2466 2766 2847 2841 Vermutung

664 2851 930 2930 gelangt,
977 2850 1094 2909 dass
1139 2852 1238 2909 die
1282 2849 1748 2927 ursprfingliche
1779 2854 2053 2926 Fassung
2099 2850 2204 2908 der
2246 2854 2459 2910 Worte
2502 2851 2847 2927 folgender-

663 2937 880 2998 massen
923 2957 1203 3014 gewesen
1239 2937 1346 2997 ist:
1395 2937 1484 2996 sic
1529 2938 1695 2995 solus
1740 2936 1974 2995 intimis
2029 2936 2308 2995 omnibus
2365 2936 2640 2995 consiliis
2695 2936 2845 2996 meis

663 3046 786 3084 non
829 3028 1066 3084 tantum
1112 3025 1387 3084 conscius
1432 3023 1583 3101 ipse,
1633 3025 1741 3082 sed
1782 3023 1984 3083 socius
2014 3022 2316 3082 intererat.
2395 3025 2452 3081 N
2457 3023 2719 3083 atnrlich
2762 3024 2846 3083 ist

663 3112 762 3171 die
815 3111 1202 3188 Verderbnis,
1262 3111 1490 3169 welche
1547 3109 1646 3169 die
1700 3113 1915 3170 Worte
1978 3110 2064 3167 im
2123 3108 2433 3168 Parisinus
2496 3110 2840 3186 aufweisen,

659 3198 832 3258 nicht
873 3196 989 3256 mit
1017 3198 1214 3256 einem
1243 3197 1406 3256 Male
1448 3197 1820 3274 entstanden,
1868 3196 2127 3256 sondern
2171 3216 2234 3255 es
2266 3196 2403 3254 sind
2446 3196 2548 3254 fur
2592 3197 2681 3256 sie
2711 3218 2847 3255 ver-

663 3284 980 3344 schiedene
1025 3286 1262 3343 Phasen
1305 3286 1734 3343 anzunehmen.
1813 3286 1938 3343 Das
1966 3282 2255 3359 Unglflck
2300 3284 2482 3341 nahm
2520 3284 2843 3360 jedenfalls

664 3370 869 3430 seinen
913 3372 1158 3447 Anfang
1203 3371 1392 3429 durch
1436 3372 1553 3429 den
1587 3370 1831 3429 Ausfall
1877 3370 2044 3428 einer
2088 3369 2258 3428 Zeile
2304 3369 2389 3427 im
2434 3370 2843 3429 Uncialcodex

661 3458 787 3516 und
839 3458 1029 3516 durch
1083 3457 1465 3534 Auslassung
1524 3458 1630 3516 des
1689 3430 1763 3514 8
1789 3480 1872 3507 =
1896 3456 2003 3515 sed
2062 3452 2360 3533 (Studem.
2422 3458 2481 3514 S.
2520 3453 2677 3535 300)
2733 3476 2843 3514 vor

663 3543 881 3603 socius.
971 3546 1064 3603 Im
1107 3542 1519 3603 Uncialcodex
1563 3543 1803 3602 mochte
1848 3543 2163 3619 folgendes
2208 3544 2443 3601 stehen:

1596 3679 1744 3739 suc
1787 3642 2066 3741 solus

1166 3782 1560 3843 autumus
1603 3759 2179 3859 ommibus-„-
2302 3776 2370 3830 14

1134 3851 1627 3959 [consultus
1669 3886 1921 3946 mens
1960 3886 2022 3945 Ν
2074 3874 2207 3955 ττ]
2300 3879 2369 3934 16

1161 3991 1643 4050 consonus
1690 3989 1899 4070 {pse
1938 3962 2013 4050 s’
2052 3990 2165 4049 so
2299 3982 2369 4037 15

1160 4095 1377 4154 enus
1424 4084 1993 4175 ιΝτειὶεῐιλτ
2031 4092 2147 4153 er
2299 4085 2367 4139 15

791 4237 1000 4295 Durch
1043 4234 1471 4295 Assimilation
1514 4235 1620 4295 des
1664 4233 1897 4293 intimis
1940 4253 2017 4291 an
2061 4232 2227 4291 801118
2274 4231 2552 4289 entstand
2596 4242 2691 4289 so:
2752 4228 2841 4286 sic

661 4322 828 4381 801118
870 4322 1124 4382 intimus
1169 4322 1448 4380 omnibus
1480 4319 1756 4380 conscius
1800 4320 1933 4396 ipse
1978 4319 2178 4377 socius
2222 4317 2509 4377 intererat
2551 4316 2699 4375 oder
2726 4314 2843 4375 mit
