3309 5192
1329 546 1749 620 ,15-

445 759 716 832 nebitis
745 759 949 832 enim
986 781 1107 830 me
1135 757 1502 850 impetum
1539 765 1929 851 susceptae
1966 758 2282 831 actionis
2317 757 2629 832 liberius

450 875 910 971 exerentem)
991 876 1357 968 homineS,
1439 877 1773 970 inquam,
1868 878 2301 972 deploratae
2383 887 2627 952 sectae

448 999 785 1072 inlicitae
857 1022 945 1068 ac
1022 998 1452 1091 desperatae
1515 995 1863 1070 factionis
1927 1000 2242 1093 grassari
2301 999 2383 1071 in
2452 1001 2629 1073 deos

452 1144 606 1191 non
639 1118 1298 1214 ingemescendum
1336 1121 1490 1190 est‘?
1578 1117 1710 1212 qui
1767 1119 1859 1190 de
1903 1118 2170 1191 ultima
2205 1116 2415 1193 faece
2472 1119 2628 1192 col-
2664 1136 2702 1189 4

398 1270 424 1309 5
452 1238 667 1312 lectis
720 1237 1302 1332 imperitioribus
1341 1248 1415 1311 et
1449 1238 1891 1312 mulieribus
1930 1239 2369 1312 credulitate
2407 1263 2630 1313 sexus

455 1359 572 1431 sui
622 1355 846 1453 facile
898 1356 1322 1432 labentibus
1377 1356 1695 1453 profana
1744 1359 2277 1432 coniurationis
2330 1359 2629 1432 institu-

457 1488 626 1569 unt;
682 1479 812 1572 qui
847 1479 1232 1552 nocturnis
1270 1480 1975 1578 congregationibus
2030 1490 2106 1554 et
2139 1479 2443 1553 ieiuniis
2480 1479 2631 1553 sol-

454 1600 820 1672 lemnibus
886 1608 962 1672 et
1021 1600 1454 1673 inhumanis
1521 1600 1707 1672 cibis
1771 1624 1925 1673 non
1998 1625 2206 1674 sacro
2276 1602 2627 1695 quodam,

449 1723 578 1794 sed
630 1720 933 1814 piaculo
992 1718 1499 1811 foederantur,
1564 1721 1937 1794 latebrosa
1992 1728 2069 1794 et
2112 1719 2450 1818 lucifuga
2502 1745 2629 1793 na-

367 1870 420 1911 10
444 1843 572 1931 tio,
629 1841 712 1914 in
766 1841 1154 1934 publicum
1195 1849 1422 1931 muta,
1478 1841 1562 1914 in
1597 1841 1894 1938 angulis
1929 1841 2259 1938 garrula:
2318 1843 2627 1937 templa,

447 1964 624 2034 deos
680 1963 1080 2054 despuunt,
1151 1961 1400 2033 rident
1463 1985 1691 2053 sacra,
1759 1963 2205 2036 miserentur
2268 1961 2629 2057 (misereri

447 2082 737 2155 miseris
775 2081 839 2152 si
876 2079 985 2154 fas
1024 2079 1158 2175 est)
1214 2083 1705 2173 sacerdotum,
1762 2083 2087 2156 honores
2143 2092 2219 2156 et
2257 2107 2627 2178 purpuras

448 2211 534 2276 ut
583 2201 1001 2275 bonuscula
1064 2201 1490 2295 despiciunt
1547 2202 1697 2296 ipsi
1762 2205 2154 2278 seminudi.
2247 2227 2383 2298 pro
2438 2205 2629 2275 mira
2661 2221 2701 2274 5

451 2321 766 2396 stultitia
819 2331 894 2396 et
944 2321 1406 2395 incredibilis
1443 2323 1785 2396 audacia!
1846 2333 2212 2418 spernunt
2257 2334 2629 2398 tormenta

369 2474 420 2515 15
449 2443 896 2536 praesentia,
953 2443 1130 2514 dum
1164 2443 1452 2514 incerta
1485 2452 1834 2517 metuunt
1877 2453 1952 2517 et
1985 2442 2259 2534 futura,
2319 2452 2395 2517 et
2449 2445 2623 2516 dum

445 2564 642 2637 mori
677 2573 847 2658 post
881 2573 1201 2636 mortem
1235 2562 1524 2654 timent,
1564 2562 1868 2637 interim
1904 2565 2096 2638 mori
2131 2588 2287 2637 non
2323 2565 2622 2637 timent:

441 2685 552 2758 ita
618 2684 772 2756 illis
842 2684 1042 2758 inter
1101 2683 1327 2755 huius
1393 2684 1656 2756 aetatis
1719 2709 2079 2778 pauorem
2156 2683 2393 2757 fallax
2455 2688 2623 2780 'spes

441 2803 715 2878 solatio
731 2806 1122 2877 rediuiuae
1145 2804 1348 2877 uitae
1367 2804 1774 2877 blanditur.
1814 2830 1901 2878 ac
1920 2806 2093 2897 iam,
2126 2815 2211 2879 ut
2231 2804 2623 2879 fecundius
2654 2809 2705 2875 9

431 2926 812 3020 nequiora
864 2925 1346 3020 proueniunt,
1421 2927 1895 3020 serpentibus
1956 2928 2036 2999 in
2103 2928 2259 3000 dies
2313 2927 2623 3022 perditis

347 3079 398 3122 20
425 3046 776 3121 mozribus
838 3071 976 3140 per
1038 3045 1478 3118 uniuersum
1543 3048 1800 3119 orbem
1864 3049 2185 3120 sacraria
2260 3048 2402 3121 ista
2467 3058 2624 3121 tae-

425 3166 750 3242 terrima
785 3166 1064 3259 impiae
1103 3166 1446 3239 coitionis
1493 3167 1953 3241 adolescunt.
2048 3171 2377 3240 eruenda
2411 3191 2624 3261 pror-

429 3313 556 3362 sus
615 3287 812 3358 haec
867 3293 942 3358 ct
977 3288 1395 3360 execranda
1437 3289 1849 3360 consensio.
1942 3287 2255 3360 occultis
2310 3312 2387 3360 se
2423 3288 2620 3359 notis
2658 3304 2698 3356 2

429 3418 507 3483 et
559 3407 992 3502 insignibus
1045 3417 1366 3481 noscunt
1418 3417 1492 3481 et
1545 3416 1799 3480 amant
1834 3417 2094 3480 mutuo
2132 3432 2374 3502 paene
2412 3419 2624 3479 ante-

587 3583 626 3640 2
678 3588 878 3638 sectae
923 3596 1035 3638 nos
1079 3578 1447 3638 inseruimus
1498 3579 1522 3659 ΙΙ
1579 3581 1616 3640 5
1666 3581 2019 3639 credulitate
2066 3603 2112 3642 s.
2158 3601 2205 3640 s.
2254 3581 2431 3639 facile
2476 3596 2616 3639 nos:

427 3668 705 3729 credulis
739 3685 785 3724 s·
820 3685 866 3724 s.
899 3665 1189 3724 facilitate
1228 3669 1277 3724 P
1317 3664 1342 3742 ΙΙ
1388 3667 1426 3726 6
1472 3669 1721 3744 profana
1748 3685 1884 3726 nos:
1933 3669 2174 3745 plebem
2203 3668 2487 3744 profanae
2517 3669 2567 3725 P
2603 3660 2626 3748 ΙῙ

431 3759 466 3814 7
527 3755 640 3831 qui
685 3749 1118 3812 Hewmannus:
1168 3773 1320 3827 quae
1366 3756 1415 3811 P
1477 3751 1502 3834 Η
1572 3754 1609 3813 9
1665 3755 1933 3830 lucifuga
1976 3755 2046 3814 P.
2088 3753 2411 3814 Danielus:
2464 3754 2622 3813 luci-

424 3845 614 3919 fugax
661 3843 716 3898 P
774 3835 800 3915 ΙΙ
865 3835 945 3897 10
989 3840 1235 3918 templa,
1282 3841 1426 3898 deos
1469 3856 1614 3899 nos:
1676 3843 1902 3917 templa
1944 3849 2014 3900 ut
2056 3842 2234 3900 busta
2278 3840 2622 3917 despiciunt

426 3932 575 3988 deos
621 3930 673 3986 P
721 3923 801 4000 cf.
833 3942 894 3982 u.
936 3926 1016 3983 14
1055 3920 1080 4002 ΙΙ
1130 3927 1208 3983 11
1256 3927 1528 3984 misereri
1557 3926 1795 3985 miseris
1824 3944 1961 3986 nos:
2009 3928 2217 3986 miseri
2261 3931 2310 3986 P
2350 3925 2377 4006 ΙΙ
2424 3927 2504 3987 13
2551 3936 2625 3985 ut

421 4012 774 4076 bonuscula
814 4028 928 4069 nos
958 4028 1027 4068 ex
1054 4029 1114 4069 u.
1156 4013 1235 4070 12
1280 4011 1378 4069 hic
1419 4012 1821 4072 inseruimus:
1870 4022 1939 4072 ut
1980 4016 2155 4074 busta
2184 4007 2527 4090 despiciunt
2569 4015 2619 4070 P

427 4101 508 4179 (u.
549 4097 656 4176 12)
692 4095 719 4178 ΙΙ
756 4098 908 4155 mira
936 4099 984 4156 P
1029 4114 1178 4155 corr.
1212 4115 1281 4155 ex
1309 4097 1542 4176 miram,
1587 4102 1657 4157 ut
1684 4098 1917 4158 uidetur
1954 4097 1979 4180 Η
2022 4101 2105 4159 14
2149 4100 2524 4159 incredibilis
2569 4101 2618 4158 P

423 4207 578 4249 corr.
613 4186 689 4245 in
732 4183 1084 4242 incredibili
1137 4180 1163 4260 ΙΙ
1220 4185 1296 4242 17
1345 4184 1503 4244 inter
1545 4187 1728 4244 huius
1773 4186 1987 4245 aetatis
2036 4204 2149 4244 nos
2190 4185 2559 4246 inseruimus
2598 4179 2627 4267 st

430 4277 510 4335 18
560 4271 797 4334 solacio
843 4269 1151 4328 rediuiuae
1196 4270 1358 4328 uitae
1402 4287 1538 4330 nos:
1587 4272 1810 4331 solacia
1852 4273 2129 4331 rediuiua
2171 4275 2220 4330 P
2251 4269 2279 4350 ΙΙ
2456 4264 2463 4274 ’
