3309 5192
1591 556 2009 630 -.-20-

713 774 856 851 est;
915 789 1090 837 nam
1129 763 1488 858 quicquid
1526 765 1836 861 agimuS,
1892 774 1978 838 ut
2029 765 2163 837 alii
2196 763 2375 854 fato,
2432 765 2541 836 ita
2573 789 2709 838 uos
2752 768 2891 838 deo

717 886 995 959 dicitis:
1073 885 1178 956 sic
1241 894 1486 958 sectae
1539 894 1832 958 uestrae
1894 908 2047 957 non
2108 895 2560 979 spontaneos
2616 911 2892 981 cupere

643 1023 676 1078 7
715 1008 938 1079 deum
972 1013 1308 1076 uestrum
1344 1014 1679 1100 apparet,
1726 1007 1857 1078 sed
1894 1006 2193 1079 electos
2282 1007 2516 1102 igitur
2549 1007 2895 1099 iniquum

711 1127 1040 1200 iudicem
1092 1126 1396 1221 fingitis,
1464 1127 1596 1220 qui
1651 1135 1925 1198 sortem
1978 1127 2061 1199 in
2114 1128 2547 1200 hominibus
2601 1128 2889 1221 puniat,

712 1272 866 1321 non
901 1246 1397 1322 uoluntatem.
1489 1246 1773 1319 uellem
1810 1255 2065 1319 tamen
2102 1248 2486 1339 sciscitari,
2544 1257 2891 1321 utrumne
2919 1277 2947 1317 ε

715 1393 885 1441 cum
941 1368 1381 1461 corporibus
1435 1392 1533 1440 an
1585 1367 1747 1439 sine
1803 1370 2265 1462 corporibus,
2330 1378 2407 1442 et
2461 1370 2895 1464 corporibus

716 1489 1010 1583 quibuS,
1067 1488 1348 1582 ipsisne
1405 1513 1503 1560 an
1535 1488 1940 1576 innouatis,
1996 1493 2475 1586 resurgatur?
2528 1489 2687 1562 sine
2734 1514 2898 1562 cor-

716 1613 946 1704 pore?
1002 1608 1170 1698 hoc,
1230 1610 1434 1701 quod
1487 1609 1739 1699 sciam,
1796 1633 2045 1702 neque
2082 1634 2296 1683 mens
2348 1634 2593 1703 neque
2646 1609 2895 1680 anima

713 1754 857 1802 nec
891 1729 1052 1801 uita
1107 1737 1240 1800 est.
1326 1729 1493 1823 ipso
1531 1735 1897 1824 corpore?
1953 1733 2087 1803 sed
2124 1732 2278 1804 iam
2314 1739 2483 1804 ante
2524 1729 2890 1823 dilapsum

716 1857 849 1922 est.
940 1848 1092 1920 alio
1147 1853 1506 1943 corpore‘?
1575 1873 1752 1945 ergo
1789 1849 2018 1924 homo
2055 1877 2301 1924 nouus
2335 1851 2683 1939 nascitur,
2738 1873 2892 1922 non
2920 1875 2971 1918 ιο

643 1988 680 2042 8
714 1970 923 2064 prior
983 1967 1116 2042 ille
1183 1978 1597 2063 reparatur.
1691 1980 1767 2043 et
1829 1979 2086 2044 tamen
2149 1982 2354 2046 tanta
2417 1979 2619 2068 aetas
2688 1969 2891 2059 abiit,

715 2090 1015 2163 saecula
1077 2090 1471 2164 innumera
1535 2092 1951 2165 fluxerunt:
2038 2094 2207 2187 quis
2242 2105 2469 2165 'unus
2536 2091 2737 2164 ullus
2804 2092 2897 2161 ab

714 2208 976 2284 inferis
1012 2211 1143 2283 uel
1175 2211 1572 2284 Protesilai
1609 2221 1804 2285 sorte
1840 2215 2230 2304 remeauit,
2282 2214 2635 2285 horarum
2671 2211 2895 2285 trium

716 2331 1002 2404 scilicet
1052 2331 1415 2425 permisso
1471 2319 1914 2423 commeatu,
1988 2341 2075 2405 ut
2146 2333 2496 2427 exemplo
2563 2334 2897 2404 credere-

645 2470 681 2525 9
717 2455 930 2525 mus‘?
1000 2452 1254 2524 omnia
1319 2451 1460 2524 ista
1528 2453 1885 2548 figmenta
1958 2453 2157 2526 male
2223 2478 2447 2526 sanae
2521 2452 2895 2548 opinionis
2926 2477 2974 2519 15

720 2583 796 2646 et
844 2573 1105 2665 inepta
1139 2571 1416 2643 solacia
1468 2597 1513 2643 a
1564 2574 1807 2666 poetis
1843 2573 2241 2647 fallacibus
2294 2574 2377 2645 in
2425 2573 2900 2646 dulcedinem

722 2692 1074 2765 carminis
1134 2692 1298 2762 lusa
1360 2717 1405 2762 a
1470 2694 1686 2766 uobis
1750 2695 2070 2767 nimium
2139 2694 2462 2768 credulis
2524 2696 2606 2766 in
2678 2695 2900 2766 deum

619 2821 707 2889 12
720 2820 1056 2886 uestrum
1125 2812 1444 2904 turpiter
1513 2811 1921 2887 reformata
1986 2825 2179 2888 sunt.
2273 2840 2415 2888 nec
2478 2813 2741 2887 saltem
2808 2814 2901 2884 de

719 2930 1242 3028 praesentibus
1297 2932 1564 3026 capitis
1621 2936 2246 3029 experimentum,
2316 2960 2540 3030 quam
2595 2959 2730 3007 uos
2783 2935 2901 3005 in-

721 3055 912 3125 ritae
987 3051 1509 3146 pellicationes
1584 3079 1885 3127 cassaue
1958 3065 2137 3129 uota
2213 3056 2625 3150 decipiant:
2722 3055 2905 3147 quid
2929 3081 2982 3124 πο

724 3182 894 3269 post
927 3182 1246 3246 mortem
1281 3173 1714 3267 inpendeat‚
1773 3177 2047 3266 miseri,
2107 3179 2286 3249 dum
2322 3176 2567 3248 adhuc
2623 3174 2902 3263 uiuitis,

655 3315 689 3368 2
727 3294 1134 3366 aestimate.
1240 3319 1414 3367 ecce
1479 3321 1650 3389 pars
1716 3305 2048 3368 uestrum
2119 3304 2195 3370 et
2262 3297 2500 3368 maior
2578 3295 2907 3368 melioris

730 3415 1192 3487 condicionis
1249 3417 1503 3511 egetiS,
1563 3417 1829 3512 algetis
1868 3440 2201 3510 corpore,
2261 3414 2461 3488 fame
2514 3414 2903 3500 laboratis;

733 3543 808 3607 et
844 3536 1025 3608 deus
1060 3536 1365 3629 patitur,
1421 3536 1857 3626 dissimulat,
1915 3560 2070 3609 non
2104 3537 2273 3609 uult
2310 3544 2439 3609 aut
2474 3559 2628 3607 non
2664 3542 2911 3630 potest

887 3757 925 3816 3
974 3759 1153 3816 deum
1170 3752 1178 3758 ’
1198 3767 1470 3818 uestrum
1514 3769 1763 3838 apparet
1803 3778 1916 3819 nos
1942 3759 2314 3819 inseruimus
2344 3754 2367 3836 ΙΙ
2402 3760 2440 3818 6
2486 3781 2563 3818 an
2606 3760 2734 3818 sine
2780 3779 2913 3818 cor-

732 3844 984 3920 poribus
1031 3843 1259 3903 addidit
1298 3845 1589 3904 Habmius
1633 3843 1658 3926 Η
1708 3847 1788 3906 13
1834 3847 2021 3906 trium
2065 3847 2301 3906 scilicet
2342 3862 2481 3906 nos:
2545 3847 2759 3905 saltem
2802 3848 2851 3904 P
2894 3839 2915 3928 Η

738 3932 821 3989 14
863 3938 934 3989 ut
978 3929 1406 3992 Baehrmsius:
1453 3933 1643 4012 uelud
1686 3936 1735 3992 P
1782 3930 1904 4011 (uel
1949 3941 2017 3992 ut
2060 3930 2109 4010 r)
2142 3929 2168 4012 ΙΙ
2203 3933 2283 3991 16
2331 3933 2712 3992 dulcedinem
2738 3931 2914 4008 Wop-

733 4016 1000 4076 kmsius:
1073 4017 1390 4077 dulcedine
1449 4022 1498 4078 P
1553 4015 1578 4098 Η
1634 4021 1713 4077 17
1770 4019 2026 4078 nimium
2082 4018 2385 4078 Gelenius:
2452 4021 2742 4078 nimirum
2794 4021 2843 4077 P
2894 4011 2917 4100 Η

740 4104 821 4162 18
866 4105 1106 4164 salitem
1136 4107 1185 4163 P
1215 4109 1352 4164 avite
1379 4123 1661 4164 raswram
1692 4102 1716 4186 Η
1750 4106 1834 4166 20
1877 4106 2296 4183 pellicationes
2324 4121 2460 4164 nos:
2501 4105 2915 4184 pollicationis

737 4192 786 4248 P
817 4187 842 4270 ΙΙ
874 4211 1118 4251 cassaue
1147 4207 1288 4251 nos:
1337 4212 1504 4252 cassa
1531 4195 1580 4251 P
1612 4187 1637 4271 ΙΙ
1682 4194 1763 4252 22
1810 4193 2082 4252 melioris
2114 4191 2483 4252 condicionis
2511 4208 2649 4252 nos:
2698 4192 2916 4251 melior

733 4283 804 4336 ut
848 4277 1052 4337 dicitis
1096 4281 1145 4337 P
1177 4274 1203 4357 ΙΙ
1238 4277 1318 4336 23
1366 4299 1616 4356 corpore
1660 4296 1800 4339 nos:
1849 4301 2029 4357 opere
2074 4281 2123 4337 P
2155 4275 2180 4357 ΙΙ
