3309 5192
561 717 594 768 4
632 703 932 778 sceleris
1005 703 1275 776 astutia
1345 690 1883 776 confidentius?
1974 703 2127 775 iam
2195 703 2552 776 finitimos
2622 725 2801 800 agro

626 825 934 921 pellere,
1011 825 1352 897 ciuitates
1415 823 1795 918 proximas
1860 834 2198 895 euertere
2262 847 2434 895 cum
2501 823 2801 918 templis

627 954 702 1018 et
754 945 1130 1036 altaribuS,
1189 954 1444 1039 captos
1499 968 1788 1039 cogere,
1860 944 2149 1016 damnis
2202 943 2467 1016 alienis
2524 954 2599 1017 et
2652 945 2802 1017 suis

624 1065 1028 1138 sceleribus
1093 1064 1520 1138 adolescere
1576 1088 1749 1136 cum
1801 1064 2126 1136 Romulo
2179 1088 2355 1160 rege
2411 1065 2675 1137 ceteris
2729 1073 2806 1137 et

623 1195 885 1282 postea
948 1186 1269 1259 strenuis
1330 1183 1645 1257 ducibus
1718 1183 2117 1279 disciplina
2186 1185 2601 1257 communis
2665 1194 2791 1258 est.
2828 1213 2853 1252 ⁵

553 1325 588 1377 5
623 1308 728 1380 ita
782 1308 1142 1402 quicquid
1193 1307 1518 1378 Romani
1572 1313 1834 1378 tenent
1888 1305 2148 1378 colunt
2198 1305 2604 1399 possident,
2674 1331 2800 1378 au-

625 1430 881 1501 daciae
934 1429 1215 1522 praeda
1268 1435 1406 1499 est:
1468 1426 1755 1519 templa
1808 1427 2060 1498 omnia
2112 1427 2204 1498 de
2258 1426 2657 1516 manubiiS,
2722 1427 2800 1498 id

624 1556 736 1621 est
791 1551 882 1622 de
938 1548 1172 1621 ruinis
1225 1546 1548 1636 urbium,
1616 1546 1710 1619 de
1764 1545 2023 1640 spoliis
2079 1547 2409 1636 deorum,
2487 1547 2579 1618 de
2634 1571 2803 1619 cae-

625 1669 840 1741 dibus
911 1670 1398 1740 sacerdotum.
1501 1666 1647 1738 hoc
1716 1666 2075 1739 insultare
2140 1676 2216 1739 et
2282 1666 2626 1738 inludere
2693 1676 2803 1739 est

621 1788 841 1861 uictis
893 1787 1404 1884 religionibuS,
1470 1811 1625 1859 non
1682 1787 1991 1859 seruire:
2069 1788 2402 1882 captiuas
2458 1811 2581 1859 eas
2634 1797 2805 1881 post
2830 1816 2883 1859 10

622 1908 976 1981 uictorias
1012 1911 1344 1981 adorare.
1425 1932 1602 1981 nam
1638 1909 1949 1981 adorare
1988 1931 2182 2001 quae
2219 1931 2447 1979 manu
2484 1909 2794 2002 ceperis,

551 2041 585 2092 6
623 2028 1094 2125 sacrilegium
1164 2038 1274 2101 est
1340 2051 1798 2118 consecrare,
1867 2052 2022 2101 non
2088 2027 2419 2099 numina.
2523 2029 2798 2100 totiens

623 2173 798 2245 ergo
854 2148 1212 2222 Romanis
1264 2148 1639 2243 inpiatum
1685 2158 1796 2222 est
1839 2149 2184 2241 quotiens
2225 2148 2791 2241 triumphatum,

619 2278 732 2342 tot
784 2272 876 2342 de
933 2271 1072 2341 diis
1133 2267 1376 2362 spolia
1429 2277 1613 2362 quot
1670 2271 1760 2340 de
1815 2270 2164 2364 gentibus
2218 2277 2392 2341 sunt
2456 2278 2789 2363 tropaea.

619 2391 845 2486 igitur
898 2390 1221 2462 Romani
1274 2413 1426 2462 non
1479 2389 1652 2461 ideo
1708 2389 1920 2478 tanti,
1987 2391 2190 2482 quod
2243 2388 2596 2484 religiosi,
2664 2391 2793 2462 sed
2824 2419 2875 2461 ιε

552 2522 581 2572 7
619 2513 821 2603 quod
883 2510 1170 2605 inpune
1237 2509 1602 2606 sacrilegi.
1694 2532 1943 2603 neque
2001 2509 2201 2582 enim
2255 2517 2664 2603 potuerunt
2716 2512 2797 2583 in

619 2631 800 2723 ipsis
862 2629 1081 2702 bellis
1145 2630 1321 2701 deos
1385 2630 1760 2702 adiutores
1821 2630 2124 2718 habere,
2190 2630 2546 2702 aduersus
2608 2655 2795 2724 quos

619 2775 824 2822 arma
849 2759 1276 2844 rapuerant,
1308 2751 1439 2822 sed
1467 2774 1652 2843 quos
1676 2758 2252 2845 prostrauerant,
2283 2750 2796 2846 detriumpha-

618 2878 732 2943 tos
770 2870 1016 2943 colere
1055 2880 1487 2965 coeperunt.
1563 2872 1745 2964 quid
1782 2879 2034 2943 autem
2068 2872 2195 2944 isti
2222 2871 2326 2942 dii
2352 2895 2489 2966 pro
2518 2871 2795 2944 Roma-

615 2991 732 3062 nis
768 2999 1098 3085 possunt,
1139 2991 1271 3083 qui
1306 2991 1501 3064 nihil
1535 3016 1675 3087 pro
1712 2992 1863 3064 suis
1900 2993 2255 3064 aduersus
2293 3015 2553 3064 eorum
2590 3016 2794 3065 arma
2823 3019 2877 3062 κο

615 3111 1064 3184 ualuerunt‘?
1119 3112 1630 3186 Romanorum
1669 3112 1868 3185 inter
1894 3112 2337 3185 uernaculos
2367 3115 2566 3203 deos,
2607 3137 2795 3206 quos

615 3232 985 3322 nouimus,
1042 3233 1348 3305 Romuli
1392 3242 1599 3307 sunt:
1660 3232 1909 3324 Picus,
1959 3233 2357 3305 Tiberinus
2396 3242 2471 3304 et
2507 3232 2794 3306 Consus

545 3365 579 3416 8
619 3361 694 3424 et
719 3351 1116 3424 Pilumnus
1154 3378 1241 3425 ac
1269 3353 1725 3439 Volumnus;
1768 3354 1945 3425 dein
1973 3351 2408 3425 Cloacinam
2434 3352 2692 3424 Tatius
2720 3362 2795 3425 et

793 3612 826 3668 1
875 3610 1096 3670 astutia
1141 3611 1538 3670 confidentius
1580 3627 1721 3670 nos:
1771 3610 2133 3670 confidentia
2177 3609 2371 3669 tutius
2414 3611 2463 3668 P
2494 3606 2519 3690 Η
2564 3612 2606 3669 4
2651 3632 2792 3689 rege

613 3711 756 3757 nos:
803 3697 1049 3774 regibus
1079 3697 1128 3754 P
1159 3692 1185 3776 Η
1227 3696 1264 3755 5
1310 3704 1522 3773 postea
1551 3697 1813 3756 strenuis
1856 3713 1998 3758 nos:
2044 3697 2368 3773 postremis
2398 3697 2447 3754 P
2478 3694 2503 3775 ΙΙ
2548 3697 2629 3757 10
2672 3718 2793 3756 11011

614 3782 870 3842 meruit
893 3781 1166 3842 Kochius
1195 3778 1222 3862 ΙΙ
1257 3784 1337 3841 14
1369 3785 1533 3859 quod
1562 3786 1610 3842 P
1643 3779 1669 3862 ΙΙ
1701 3791 1842 3844 sunt
1871 3799 2116 3860 tropaea
2143 3782 2453 3842 Halmius:
2498 3793 2558 3843 et
2588 3792 2793 3861 tropea

619 3867 786 3945 (corr.
817 3887 901 3928 m.
938 3869 996 3929 2.
1037 3868 1108 3929 im
1151 3866 1421 3948 trophea)
1467 3870 1516 3927 P
1555 3866 1582 3950 ΙΙ
1625 3869 1707 3928 18
1752 3877 2091 3947 rapuerant,
2139 3870 2245 3928 sed
2292 3889 2443 3943 quos
2474 3869 2787 3929 Halmius:

612 3963 941 4033 rapuerunt
995 3965 1056 4015 et
1111 3974 1262 4030 quos
1306 3956 1374 4034 P,
1435 3973 1582 4016 corr.
1624 3974 1710 4014 m.
1755 3958 1789 4014 1
1832 3975 1901 4015 θα)
1956 3963 2016 4016 et
2068 3956 2232 4031 quod
2276 3952 2303 4033 ΙΙ
2346 3965 2795 4032 prostrauerant

613 4041 1001 4103 Do‘mbartusz
1048 4043 1504 4119 postulauerunt
1549 4039 1576 4123 ΙΙ
1622 4043 1701 4101 21
1750 4043 1907 4102 inter
1949 4057 2089 4102 nos:
2140 4041 2298 4100 enim
2346 4042 2395 4100 P
2426 4040 2452 4122 Η
2484 4063 2637 4118 quos
2679 4060 2792 4101 nos

612 4127 985 4188 inseruimus
1023 4124 1050 4208 ΙΙ
1096 4129 1176 4187 22
1223 4129 1474 4188 Romuli
1505 4137 1644 4188 sunt
1686 4129 2109 4189 Baehrensius:
2158 4129 2456 4188 Romulus
2486 4130 2535 4186 P
2568 4126 2593 4211 Η
2623 4138 2792 4189 teue-

612 4215 778 4274 rinus
801 4216 850 4272 P
880 4212 906 4294 ΙΙ
939 4215 1021 4274 23
1051 4217 1393 4275 Volumnus
1417 4213 1747 4291 Riqaltius:
1773 4217 2101 4292 polumnus
2120 4215 2169 4272 P
2201 4211 2225 4293 ΙΙ
2258 4215 2398 4274 dein
2419 4233 2558 4276 ms:
2585 4217 2674 4275 dii
2695 4215 2744 4273 P
2771 4208 2793 4296 Η
