<?xml version="1.0" encoding="UTF-8"?>
<!DOCTYPE html PUBLIC "-//W3C//DTD XHTML 1.0 Transitional//EN"
    "http://www.w3.org/TR/xhtml1/DTD/xhtml1-transitional.dtd">
<html xmlns="http://www.w3.org/1999/xhtml" xml:lang="en" lang="en">
 <head>
  <title>
</title>
<meta http-equiv="Content-Type" content="text/html;charset=utf-8" />
  <meta name='ocr-system' content='tesseract 3.04.00' />
  <meta name='ocr-capabilities' content='ocr_page ocr_carea ocr_par ocr_line ocrx_word'/>
</head>
<body>
  <div class='ocr_page' id='page_1' title='image "./mminuciifelicis00schgoog_0195.png"; bbox 0 0 3309 5192; ppageno 0'>
   <div class='ocr_carea' id='block_1_1' title="bbox 1342 566 1811 643">
    <p class='ocr_par' dir='ltr' id='par_1_1' title="bbox 1342 566 1811 643">
     <span class='ocr_line' id='line_1_1' title="bbox 1342 566 1811 643; baseline 0 -1"><span class='ocrx_word' id='word_1_1' title='bbox 1342 566 1811 643; x_wconf 77' lang='lat'>-181—</span> 
     </span>
    </p>
   </div>
   <div class='ocr_carea' id='block_1_2' title="bbox 481 772 2672 4399">
    <p class='ocr_par' dir='ltr' id='par_1_2' title="bbox 481 772 2672 4399">
     <span class='ocr_line' id='line_1_2' title="bbox 485 772 2661 856; baseline 0.001 -20"><span class='ocrx_word' id='word_1_2' title='bbox 485 797 666 837; x_wconf 83' lang='lat' dir='ltr'><strong>sexus</strong></span> <span class='ocrx_word' id='word_1_3' title='bbox 713 784 776 836; x_wconf 90' lang='lat' dir='ltr'><strong>et</strong></span> <span class='ocrx_word' id='word_1_4' title='bbox 819 777 1016 837; x_wconf 90' lang='lat' dir='ltr'><strong>omnis</strong></span> <span class='ocrx_word' id='word_1_5' title='bbox 1046 774 1277 837; x_wconf 77' lang='lat' dir='ltr'><strong>aetatis.</strong></span> <span class='ocrx_word' id='word_1_6' title='bbox 1309 809 1394 821; x_wconf 89' lang='lat'><em>-</em></span> <span class='ocrx_word' id='word_1_7' title='bbox 1423 785 1566 854; x_wconf 84' lang='lat' dir='ltr'><strong>post</strong></span> <span class='ocrx_word' id='word_1_8' title='bbox 1607 777 1971 838; x_wconf 82' lang='lat' dir='ltr'><strong>temulentas</strong></span> <span class='ocrx_word' id='word_1_9' title='bbox 2009 772 2238 856; x_wconf 63' lang='lat' dir='ltr'><strong>epulas]</strong></span> <span class='ocrx_word' id='word_1_10' title='bbox 2268 780 2389 856; x_wconf 85' lang='lat' dir='ltr'><strong>vgl.</strong></span> <span class='ocrx_word' id='word_1_11' title='bbox 2427 782 2486 839; x_wconf 84' lang='lat' dir='ltr'><strong>S.</strong></span> <span class='ocrx_word' id='word_1_12' title='bbox 2517 780 2661 840; x_wconf 90' lang='grc'><strong>160.</strong></span> 
     </span>
     <span class='ocr_line' id='line_1_3' title="bbox 488 860 2661 943; baseline 0.002 -22"><span class='ocrx_word' id='word_1_13' title='bbox 488 896 578 907; x_wconf 92' lang='grc'><strong>-</strong></span> <span class='ocrx_word' id='word_1_14' title='bbox 623 862 664 940; x_wconf 65' lang='grc' dir='ltr'>ξ</span> <span class='ocrx_word' id='word_1_15' title='bbox 700 864 758 922; x_wconf 92' lang='grc'><strong>7.</strong></span> <span class='ocrx_word' id='word_1_16' title='bbox 804 862 1171 939; x_wconf 81' lang='lat' dir='ltr'><strong>inpudentes</strong></span> <span class='ocrx_word' id='word_1_17' title='bbox 1216 865 1328 923; x_wconf 74' lang='lat' dir='ltr'><strong>nub</strong></span> <span class='ocrx_word' id='word_1_18' title='bbox 1373 863 1637 924; x_wconf 84' lang='lat' dir='ltr'><strong>tenebris</strong></span> <span class='ocrx_word' id='word_1_19' title='bbox 1684 860 1881 943; x_wconf 84' lang='lat' dir='ltr'><strong>(unter</strong></span> <span class='ocrx_word' id='word_1_20' title='bbox 1924 865 2060 923; x_wconf 90' lang='lat' dir='ltr'><strong>dem</strong></span> <span class='ocrx_word' id='word_1_21' title='bbox 2110 866 2365 925; x_wconf 89' lang='lat' dir='ltr'><strong>Schutze</strong></span> <span class='ocrx_word' id='word_1_22' title='bbox 2410 866 2519 925; x_wconf 87' lang='lat' dir='ltr'><strong>der</strong></span> <span class='ocrx_word' id='word_1_23' title='bbox 2562 866 2661 942; x_wconf 89' lang='lat' dir='ltr'><strong>D.)</strong></span> 
     </span>
     <span class='ocr_line' id='line_1_4' title="bbox 486 945 2664 1029; baseline 0.001 -20"><span class='ocrx_word' id='word_1_24' title='bbox 486 945 701 1029; x_wconf 84' lang='lat' dir='ltr'><strong>nexus]</strong></span> <span class='ocrx_word' id='word_1_25' title='bbox 732 950 852 1026; x_wconf 83' lang='lat' dir='ltr'><strong>vgl.</strong></span> <span class='ocrx_word' id='word_1_26' title='bbox 887 952 1174 1029; x_wconf 84' lang='lat' dir='ltr'><strong>August.,</strong></span> <span class='ocrx_word' id='word_1_27' title='bbox 1203 970 1252 1009; x_wconf 88' lang='lat' dir='ltr'><strong>c.</strong></span> <span class='ocrx_word' id='word_1_28' title='bbox 1280 952 1338 1008; x_wconf 94' lang='lat' dir='ltr'><strong>d.</strong></span> <span class='ocrx_word' id='word_1_29' title='bbox 1366 951 1425 1028; x_wconf 85' lang='lat'><strong>2,</strong></span> <span class='ocrx_word' id='word_1_30' title='bbox 1455 950 1536 1008; x_wconf 84' lang='lat'><strong>26</strong></span> <span class='ocrx_word' id='word_1_31' title='bbox 1568 950 1828 1028; x_wconf 87' lang='lat' dir='ltr'><strong>impuris</strong></span> <span class='ocrx_word' id='word_1_32' title='bbox 1858 952 2127 1009; x_wconf 87' lang='lat' dir='ltr'><strong>motibus</strong></span> <span class='ocrx_word' id='word_1_33' title='bbox 2152 994 2167 1011; x_wconf 94' lang='lat'><strong>.</strong></span> <span class='ocrx_word' id='word_1_34' title='bbox 2194 995 2209 1011; x_wconf 88' lang='lat'><strong>.</strong></span> <span class='ocrx_word' id='word_1_35' title='bbox 2238 996 2253 1011; x_wconf 89' lang='lat'><strong>.</strong></span> <span class='ocrx_word' id='word_1_36' title='bbox 2282 996 2295 1011; x_wconf 86' lang='lat'><strong>.</strong></span> <span class='ocrx_word' id='word_1_37' title='bbox 2322 952 2664 1029; x_wconf 89' lang='lat' dir='ltr'><strong>impudicos</strong></span> 
     </span>
     <span class='ocr_line' id='line_1_5' title="bbox 487 1037 2663 1115; baseline 0.001 -20"><span class='ocrx_word' id='word_1_38' title='bbox 487 1044 713 1115; x_wconf 83' lang='lat' dir='ltr'><strong>gestus.</strong></span> <span class='ocrx_word' id='word_1_39' title='bbox 767 1066 846 1080; x_wconf 88' lang='lat'><strong>·—-</strong></span> <span class='ocrx_word' id='word_1_40' title='bbox 892 1040 1070 1107; x_wconf 67' lang='grc' dir='ltr'><strong>Καρ.</strong></span> <span class='ocrx_word' id='word_1_41' title='bbox 1111 1042 1220 1106; x_wconf 89' lang='grc'><strong>10,</strong></span> <span class='ocrx_word' id='word_1_42' title='bbox 1257 1043 1296 1094; x_wconf 85' lang='grc'><strong>2</strong></span> <span class='ocrx_word' id='word_1_43' title='bbox 1340 1038 1510 1095; x_wconf 80' lang='lat' dir='ltr'><strong>nulla</strong></span> <span class='ocrx_word' id='word_1_44' title='bbox 1552 1038 1782 1096; x_wconf 75' lang='lat' dir='ltr'><strong>nostris</strong></span> <span class='ocrx_word' id='word_1_45' title='bbox 1826 1037 2054 1095; x_wconf 79' lang='lat' dir='ltr'><strong>similia</strong></span> <span class='ocrx_word' id='word_1_46' title='bbox 2097 1037 2435 1114; x_wconf 78' lang='lat' dir='ltr'><strong>simulacra]</strong></span> <span class='ocrx_word' id='word_1_47' title='bbox 2497 1040 2663 1097; x_wconf 84' lang='lat' dir='ltr'><strong>siehe</strong></span> 
     </span>
     <span class='ocr_line' id='line_1_6' title="bbox 487 1121 2670 1201; baseline -0 -18"><span class='ocrx_word' id='word_1_48' title='bbox 487 1127 549 1183; x_wconf 87' lang='lat' dir='ltr'><strong>S.</strong></span> <span class='ocrx_word' id='word_1_49' title='bbox 588 1122 732 1181; x_wconf 92' lang='grc'><strong>157.</strong></span> <span class='ocrx_word' id='word_1_50' title='bbox 765 1155 848 1164; x_wconf 93' lang='grc'>-</span> <span class='ocrx_word' id='word_1_51' title='bbox 884 1143 989 1182; x_wconf 88' lang='lat' dir='ltr'><strong>cur</strong></span> <span class='ocrx_word' id='word_1_52' title='bbox 1032 1130 1422 1199; x_wconf 79' lang='lat' dir='ltr'><strong>perseuerant</strong></span> <span class='ocrx_word' id='word_1_53' title='bbox 1457 1124 1524 1182; x_wconf 87' lang='lat' dir='ltr'><strong>in</strong></span> <span class='ocrx_word' id='word_1_54' title='bbox 1553 1121 1950 1201; x_wconf 75' lang='lat' dir='ltr'><strong>contumacia]</strong></span> <span class='ocrx_word' id='word_1_55' title='bbox 1996 1122 2098 1201; x_wconf 84' lang='lat'><strong>33,</strong></span> <span class='ocrx_word' id='word_1_56' title='bbox 2125 1125 2166 1182; x_wconf 99' lang='lat'>4</span> <span class='ocrx_word' id='word_1_57' title='bbox 2194 1124 2261 1183; x_wconf 93' lang='lat' dir='ltr'><strong>in</strong></span> <span class='ocrx_word' id='word_1_58' title='bbox 2292 1127 2670 1184; x_wconf 81' lang='lat' dir='ltr'><strong>contumacia·</strong></span> 
     </span>
     <span class='ocr_line' id='line_1_7' title="bbox 485 1206 2668 1290; baseline 0 -21"><span class='ocrx_word' id='word_1_59' title='bbox 485 1229 890 1287; x_wconf 80' lang='lat' dir='ltr'><strong>perseuerare.</strong></span> <span class='ocrx_word' id='word_1_60' title='bbox 951 1212 1058 1269; x_wconf 87' lang='lat' dir='ltr'><strong>Ich</strong></span> <span class='ocrx_word' id='word_1_61' title='bbox 1099 1210 1404 1269; x_wconf 80' lang='lat' dir='ltr'><strong>betrachte</strong></span> <span class='ocrx_word' id='word_1_62' title='bbox 1448 1210 1647 1269; x_wconf 87' lang='lat' dir='ltr'><strong>meine</strong></span> <span class='ocrx_word' id='word_1_63' title='bbox 1686 1213 2047 1287; x_wconf 69' lang='lat' dir='ltr'><strong>Erganzung</strong></span> <span class='ocrx_word' id='word_1_64' title='bbox 2090 1206 2230 1288; x_wconf 83' lang='lat' dir='ltr'><strong>(vgl.</strong></span> <span class='ocrx_word' id='word_1_65' title='bbox 2282 1214 2342 1270; x_wconf 89' lang='lat' dir='ltr'><strong>S.</strong></span> <span class='ocrx_word' id='word_1_66' title='bbox 2372 1206 2518 1290; x_wconf 83' lang='lat'>124)</span> <span class='ocrx_word' id='word_1_67' title='bbox 2548 1232 2668 1269; x_wconf 90' lang='lat' dir='ltr'><strong>nur</strong></span> 
     </span>
     <span class='ocr_line' id='line_1_8' title="bbox 487 1290 2665 1373; baseline 0.001 -19"><span class='ocrx_word' id='word_1_68' title='bbox 487 1297 576 1355; x_wconf 74' lang='lat' dir='ltr'><strong>als</strong></span> <span class='ocrx_word' id='word_1_69' title='bbox 630 1295 810 1356; x_wconf 85' lang='lat' dir='ltr'><strong>einen</strong></span> <span class='ocrx_word' id='word_1_70' title='bbox 859 1297 1159 1373; x_wconf 86' lang='lat' dir='ltr'><strong>Versuch,</strong></span> <span class='ocrx_word' id='word_1_71' title='bbox 1218 1296 1320 1355; x_wconf 87' lang='lat' dir='ltr'><strong>die</strong></span> <span class='ocrx_word' id='word_1_72' title='bbox 1375 1296 1765 1355; x_wconf 75' lang='lat' dir='ltr'><strong>lssckenhafte</strong></span> <span class='ocrx_word' id='word_1_73' title='bbox 1822 1290 2289 1373; x_wconf 80' lang='lat' dir='ltr'><strong>Uberlieferung</strong></span> <span class='ocrx_word' id='word_1_74' title='bbox 2340 1299 2539 1357; x_wconf 82' lang='lat' dir='ltr'><strong>lesbar</strong></span> <span class='ocrx_word' id='word_1_75' title='bbox 2588 1319 2665 1356; x_wconf 90' lang='lat' dir='ltr'><strong>zu</strong></span> 
     </span>
     <span class='ocr_line' id='line_1_9' title="bbox 487 1382 2663 1461; baseline 0 -20"><span class='ocrx_word' id='word_1_76' title='bbox 487 1383 768 1457; x_wconf 62' lang='lat' dir='ltr'><strong>mechom</strong></span> <span class='ocrx_word' id='word_1_77' title='bbox 801 1382 1316 1460; x_wconf 72' lang='lat' dir='ltr'><strong>moglicherweise</strong></span> <span class='ocrx_word' id='word_1_78' title='bbox 1348 1383 1431 1441; x_wconf 89' lang='lat' dir='ltr'><strong>ist</strong></span> <span class='ocrx_word' id='word_1_79' title='bbox 1462 1390 1610 1443; x_wconf 85' lang='lat' dir='ltr'><strong>statt</strong></span> <span class='ocrx_word' id='word_1_80' title='bbox 1631 1382 2005 1441; x_wconf 80' lang='lat' dir='ltr'><strong>contumacia</strong></span> <span class='ocrx_word' id='word_1_81' title='bbox 2025 1384 2358 1460; x_wconf 75' lang='lat' dir='ltr'><strong>pertinacia</strong></span> <span class='ocrx_word' id='word_1_82' title='bbox 2378 1405 2453 1443; x_wconf 90' lang='lat' dir='ltr'><strong>zu</strong></span> <span class='ocrx_word' id='word_1_83' title='bbox 2475 1385 2663 1461; x_wconf 82' lang='lat' dir='ltr'><strong>lesen,</strong></span> 
     </span>
     <span class='ocr_line' id='line_1_10' title="bbox 491 1470 2665 1546; baseline 0.001 -19"><span class='ocrx_word' id='word_1_84' title='bbox 491 1470 692 1527; x_wconf 86' lang='lat' dir='ltr'><strong>dieses</strong></span> <span class='ocrx_word' id='word_1_85' title='bbox 734 1472 916 1529; x_wconf 85' lang='lat' dir='ltr'><strong>Wort</strong></span> <span class='ocrx_word' id='word_1_86' title='bbox 958 1470 1112 1527; x_wconf 84' lang='lat' dir='ltr'><strong>wird</strong></span> <span class='ocrx_word' id='word_1_87' title='bbox 1156 1471 1309 1529; x_wconf 83' lang='lat' dir='ltr'><strong>auch</strong></span> <span class='ocrx_word' id='word_1_88' title='bbox 1352 1488 1473 1527; x_wconf 81' lang='lat' dir='ltr'><strong>von</strong></span> <span class='ocrx_word' id='word_1_89' title='bbox 1517 1470 1656 1528; x_wconf 91' lang='lat' dir='ltr'><strong>dem</strong></span> <span class='ocrx_word' id='word_1_90' title='bbox 1694 1471 1997 1546; x_wconf 72' lang='lat' dir='ltr'><strong>jungeren</strong></span> <span class='ocrx_word' id='word_1_91' title='bbox 2042 1471 2281 1530; x_wconf 82' lang='lat' dir='ltr'><strong>Plinius</strong></span> <span class='ocrx_word' id='word_1_92' title='bbox 2323 1471 2391 1529; x_wconf 85' lang='lat' dir='ltr'><strong>in</strong></span> <span class='ocrx_word' id='word_1_93' title='bbox 2434 1470 2665 1529; x_wconf 85' lang='lat' dir='ltr'><strong>seinem</strong></span> 
     </span>
     <span class='ocr_line' id='line_1_11' title="bbox 484 1552 2664 1637; baseline 0 -24"><span class='ocrx_word' id='word_1_94' title='bbox 484 1557 828 1615; x_wconf 83' lang='lat' dir='ltr'><strong>bekannten</strong></span> <span class='ocrx_word' id='word_1_95' title='bbox 870 1556 1118 1615; x_wconf 87' lang='lat' dir='ltr'><strong>Bericht</strong></span> <span class='ocrx_word' id='word_1_96' title='bbox 1169 1575 1244 1613; x_wconf 80' lang='lat' dir='ltr'><strong>an</strong></span> <span class='ocrx_word' id='word_1_97' title='bbox 1299 1557 1416 1614; x_wconf 88' lang='lat' dir='ltr'><strong>den</strong></span> <span class='ocrx_word' id='word_1_98' title='bbox 1459 1555 1675 1631; x_wconf 80' lang='lat' dir='ltr'><strong>Kaiser</strong></span> <span class='ocrx_word' id='word_1_99' title='bbox 1719 1557 1939 1633; x_wconf 83' lang='lat' dir='ltr'><strong>Trajan</strong></span> <span class='ocrx_word' id='word_1_100' title='bbox 1981 1576 2121 1616; x_wconf 81' lang='lat' dir='ltr'><strong>vom</strong></span> <span class='ocrx_word' id='word_1_101' title='bbox 2165 1560 2221 1617; x_wconf 89' lang='lat' dir='ltr'><strong>J.</strong></span> <span class='ocrx_word' id='word_1_102' title='bbox 2266 1558 2392 1615; x_wconf 87' lang='lat'><strong>112</strong></span> <span class='ocrx_word' id='word_1_103' title='bbox 2438 1552 2553 1637; x_wconf 89' lang='lat' dir='ltr'><strong>(ep.</strong></span> <span class='ocrx_word' id='word_1_104' title='bbox 2588 1558 2664 1614; x_wconf 81' lang='lat' dir='ltr'><strong>ad</strong></span> 
     </span>
     <span class='ocr_line' id='line_1_12' title="bbox 489 1639 2667 1719; baseline 0 -18"><span class='ocrx_word' id='word_1_105' title='bbox 489 1643 649 1719; x_wconf 81' lang='lat' dir='ltr'><strong>Traj.</strong></span> <span class='ocrx_word' id='word_1_106' title='bbox 691 1639 796 1719; x_wconf 90' lang='grc'><strong>96)</strong></span> <span class='ocrx_word' id='word_1_107' title='bbox 843 1662 960 1700; x_wconf 79' lang='lat' dir='ltr'><strong>von</strong></span> <span class='ocrx_word' id='word_1_108' title='bbox 1006 1643 1122 1700; x_wconf 90' lang='lat' dir='ltr'><strong>den</strong></span> <span class='ocrx_word' id='word_1_109' title='bbox 1161 1642 1443 1701; x_wconf 85' lang='lat' dir='ltr'><strong>Christen</strong></span> <span class='ocrx_word' id='word_1_110' title='bbox 1486 1662 1695 1719; x_wconf 86' lang='lat' dir='ltr'><strong>wegen</strong></span> <span class='ocrx_word' id='word_1_111' title='bbox 1740 1642 1901 1701; x_wconf 80' lang='lat' dir='ltr'><strong>ihtes</strong></span> <span class='ocrx_word' id='word_1_112' title='bbox 1947 1643 2136 1701; x_wconf 67' lang='lat' dir='ltr'><strong>zaben</strong></span> <span class='ocrx_word' id='word_1_113' title='bbox 2165 1645 2545 1702; x_wconf 77' lang='lat' dir='ltr'><strong>Festhaltens</strong></span> <span class='ocrx_word' id='word_1_114' title='bbox 2590 1664 2667 1701; x_wconf 78' lang='lat' dir='ltr'><strong>an</strong></span> 
     </span>
     <span class='ocr_line' id='line_1_13' title="bbox 486 1728 2667 1806; baseline 0 -19"><span class='ocrx_word' id='word_1_115' title='bbox 486 1729 650 1787; x_wconf 84' lang='lat' dir='ltr'><strong>ihrer</strong></span> <span class='ocrx_word' id='word_1_116' title='bbox 682 1730 869 1787; x_wconf 81' lang='lat' dir='ltr'><strong>Sache</strong></span> <span class='ocrx_word' id='word_1_117' title='bbox 915 1730 1110 1787; x_wconf 85' lang='lat' dir='ltr'><strong>neben</strong></span> <span class='ocrx_word' id='word_1_118' title='bbox 1140 1728 1495 1787; x_wconf 85' lang='lat' dir='ltr'><strong>inflexibilis</strong></span> <span class='ocrx_word' id='word_1_119' title='bbox 1529 1730 1857 1789; x_wconf 87' lang='lat' dir='ltr'><strong>obstinatio</strong></span> <span class='ocrx_word' id='word_1_120' title='bbox 1889 1730 2233 1805; x_wconf 69' lang='lat' dir='ltr'><strong>gebi-sucht.</strong></span> <span class='ocrx_word' id='word_1_121' title='bbox 2267 1762 2348 1771; x_wconf 90' lang='grc'><strong>-</strong></span> <span class='ocrx_word' id='word_1_122' title='bbox 2382 1728 2423 1805; x_wconf 66' lang='grc' dir='ltr'>ξ</span> <span class='ocrx_word' id='word_1_123' title='bbox 2450 1729 2507 1789; x_wconf 90' lang='grc'><strong>3.</strong></span> <span class='ocrx_word' id='word_1_124' title='bbox 2556 1750 2667 1806; x_wconf 89' lang='lat' dir='ltr'><strong>per</strong></span> 
     </span>
     <span class='ocr_line' id='line_1_14' title="bbox 484 1811 2668 1894; baseline 0 -21"><span class='ocrx_word' id='word_1_125' title='bbox 484 1835 670 1892; x_wconf 75' lang='lat' dir='ltr'><strong>regna</strong></span> <span class='ocrx_word' id='word_1_126' title='bbox 711 1822 915 1873; x_wconf 76' lang='lat' dir='ltr'><strong>nostra</strong></span> <span class='ocrx_word' id='word_1_127' title='bbox 959 1811 1200 1894; x_wconf 88' lang='lat' dir='ltr'><strong>populi]</strong></span> <span class='ocrx_word' id='word_1_128' title='bbox 1243 1815 1410 1875; x_wconf 83' lang='lat' dir='ltr'><strong>siche</strong></span> <span class='ocrx_word' id='word_1_129' title='bbox 1457 1817 1518 1874; x_wconf 87' lang='lat' dir='ltr'><strong>S.</strong></span> <span class='ocrx_word' id='word_1_130' title='bbox 1556 1814 1679 1874; x_wconf 84' lang='lat'><strong>135</strong></span> <span class='ocrx_word' id='word_1_131' title='bbox 1710 1837 1769 1874; x_wconf 87' lang='lat' dir='ltr'><strong>u.</strong></span> <span class='ocrx_word' id='word_1_132' title='bbox 1807 1814 1953 1874; x_wconf 84' lang='lat'><strong>157.</strong></span> <span class='ocrx_word' id='word_1_133' title='bbox 1986 1849 2068 1857; x_wconf 95' lang='lat'>—</span> <span class='ocrx_word' id='word_1_134' title='bbox 2104 1815 2145 1894; x_wconf 66' lang='grc' dir='ltr'>ἓ</span> <span class='ocrx_word' id='word_1_135' title='bbox 2177 1817 2235 1875; x_wconf 86' lang='grc'><strong>4.</strong></span> <span class='ocrx_word' id='word_1_136' title='bbox 2283 1816 2507 1883; x_wconf 80' lang='lat' dir='ltr'><strong>nostris</strong></span> <span class='ocrx_word' id='word_1_137' title='bbox 2551 1816 2668 1874; x_wconf 80' lang='lat' dir='ltr'><strong>mi-</strong></span> 
     </span>
     <span class='ocr_line' id='line_1_15' title="bbox 481 1898 2664 1981; baseline 0 -21"><span class='ocrx_word' id='word_1_138' title='bbox 481 1898 722 1979; x_wconf 81' lang='lat' dir='ltr'><strong>litibus]</strong></span> <span class='ocrx_word' id='word_1_139' title='bbox 775 1902 942 1961; x_wconf 82' lang='lat' dir='ltr'><strong>siehe</strong></span> <span class='ocrx_word' id='word_1_140' title='bbox 991 1904 1050 1960; x_wconf 86' lang='lat' dir='ltr'><strong>S.</strong></span> <span class='ocrx_word' id='word_1_141' title='bbox 1091 1900 1234 1960; x_wconf 90' lang='grc'><strong>156.</strong></span> <span class='ocrx_word' id='word_1_142' title='bbox 1283 1934 1371 1943; x_wconf 93' lang='grc'>-</span> <span class='ocrx_word' id='word_1_143' title='bbox 1415 1921 1551 1959; x_wconf 88' lang='lat' dir='ltr'><strong>cum</strong></span> <span class='ocrx_word' id='word_1_144' title='bbox 1596 1922 1705 1960; x_wconf 79' lang='lat' dir='ltr'><strong>sua</strong></span> <span class='ocrx_word' id='word_1_145' title='bbox 1748 1901 1867 1960; x_wconf 91' lang='lat' dir='ltr'><strong>sibi</strong></span> <span class='ocrx_word' id='word_1_146' title='bbox 1909 1900 2174 1981; x_wconf 77' lang='lat' dir='ltr'><strong>natione]</strong></span> <span class='ocrx_word' id='word_1_147' title='bbox 2226 1906 2413 1979; x_wconf 88' lang='lat' dir='ltr'><strong>Tert.,</strong></span> <span class='ocrx_word' id='word_1_148' title='bbox 2459 1904 2589 1963; x_wconf 90' lang='lat' dir='ltr'><strong>Iud.</strong></span> <span class='ocrx_word' id='word_1_149' title='bbox 2626 1902 2664 1961; x_wconf 85' lang='lat'>6</span> 
     </span>
     <span class='ocr_line' id='line_1_16' title="bbox 487 1987 2663 2066; baseline 0 -19"><span class='ocrx_word' id='word_1_150' title='bbox 487 2007 564 2046; x_wconf 73' lang='lat' dir='ltr'><strong>an</strong></span> <span class='ocrx_word' id='word_1_151' title='bbox 617 1987 1137 2047; x_wconf 77' lang='lat' dir='ltr'><strong>circumcisionem</strong></span> <span class='ocrx_word' id='word_1_152' title='bbox 1181 1995 1448 2047; x_wconf 88' lang='lat' dir='ltr'><strong>ueterem</strong></span> <span class='ocrx_word' id='word_1_153' title='bbox 1494 2008 1632 2047; x_wconf 89' lang='lat' dir='ltr'><strong>cum</strong></span> <span class='ocrx_word' id='word_1_154' title='bbox 1676 2008 1786 2047; x_wconf 89' lang='lat' dir='ltr'><strong>suo</strong></span> <span class='ocrx_word' id='word_1_155' title='bbox 1832 1988 1953 2048; x_wconf 85' lang='lat' dir='ltr'><strong>sibi</strong></span> <span class='ocrx_word' id='word_1_156' title='bbox 1997 1990 2245 2049; x_wconf 77' lang='lat' dir='ltr'><strong>sabbato</strong></span> <span class='ocrx_word' id='word_1_157' title='bbox 2291 1999 2663 2066; x_wconf 81' lang='lat' dir='ltr'><strong>compescat3</strong></span> 
     </span>
     <span class='ocr_line' id='line_1_17' title="bbox 484 2072 2666 2153; baseline 0 -20"><span class='ocrx_word' id='word_1_158' title='bbox 484 2075 697 2152; x_wconf 63' lang='lat' dir='ltr'><strong>Apul„</strong></span> <span class='ocrx_word' id='word_1_159' title='bbox 729 2076 916 2150; x_wconf 85' lang='lat' dir='ltr'><strong>Apol.</strong></span> <span class='ocrx_word' id='word_1_160' title='bbox 949 2094 1010 2149; x_wconf 90' lang='lat' dir='ltr'><strong>p.</strong></span> <span class='ocrx_word' id='word_1_161' title='bbox 1048 2075 1146 2150; x_wconf 88' lang='lat'><strong>11,</strong></span> <span class='ocrx_word' id='word_1_162' title='bbox 1176 2074 1215 2133; x_wconf 87' lang='lat'>8</span> <span class='ocrx_word' id='word_1_163' title='bbox 1263 2072 1556 2153; x_wconf 87' lang='lat' dir='ltr'><strong>(Krueg.)‚</strong></span> <span class='ocrx_word' id='word_1_164' title='bbox 1599 2074 1725 2133; x_wconf 88' lang='lat' dir='ltr'><strong>nisi</strong></span> <span class='ocrx_word' id='word_1_165' title='bbox 1758 2076 1916 2133; x_wconf 87' lang='lat' dir='ltr'><strong>forte</strong></span> <span class='ocrx_word' id='word_1_166' title='bbox 1945 2076 2012 2133; x_wconf 85' lang='lat' dir='ltr'><strong>in</strong></span> <span class='ocrx_word' id='word_1_167' title='bbox 2042 2096 2113 2133; x_wconf 87' lang='lat' dir='ltr'><strong>eo</strong></span> <span class='ocrx_word' id='word_1_168' title='bbox 2143 2077 2666 2152; x_wconf 87' lang='lat' dir='ltr'><strong>reprehendendus</strong></span> 
     </span>
     <span class='ocr_line' id='line_1_18' title="bbox 487 2160 2668 2238; baseline 0 -19"><span class='ocrx_word' id='word_1_169' title='bbox 487 2180 641 2237; x_wconf 86' lang='lat' dir='ltr'><strong>sum,</strong></span> <span class='ocrx_word' id='word_1_170' title='bbox 690 2162 854 2236; x_wconf 90' lang='lat' dir='ltr'><strong>quod</strong></span> <span class='ocrx_word' id='word_1_171' title='bbox 889 2160 1297 2237; x_wconf 76' lang='lat' dir='ltr'><strong>Calpurniano</strong></span> <span class='ocrx_word' id='word_1_172' title='bbox 1327 2161 1787 2238; x_wconf 88' lang='lat' dir='ltr'><strong>puluiusculum</strong></span> <span class='ocrx_word' id='word_1_173' title='bbox 1832 2181 1906 2218; x_wconf 86' lang='lat' dir='ltr'><strong>ex</strong></span> <span class='ocrx_word' id='word_1_174' title='bbox 1933 2162 2213 2220; x_wconf 80' lang='lat' dir='ltr'><strong>Arabicis</strong></span> <span class='ocrx_word' id='word_1_175' title='bbox 2243 2164 2521 2238; x_wconf 86' lang='lat' dir='ltr'><strong>frugibus</strong></span> <span class='ocrx_word' id='word_1_176' title='bbox 2550 2162 2668 2220; x_wconf 91' lang='lat' dir='ltr'><strong>mi-</strong></span> 
     </span>
     <span class='ocr_line' id='line_1_19' title="bbox 487 2247 2662 2325; baseline -0 -19"><span class='ocrx_word' id='word_1_177' title='bbox 487 2248 688 2325; x_wconf 85' lang='lat' dir='ltr'><strong>serim,</strong></span> <span class='ocrx_word' id='word_1_178' title='bbox 736 2267 919 2322; x_wconf 90' lang='lat' dir='ltr'><strong>quem</strong></span> <span class='ocrx_word' id='word_1_179' title='bbox 961 2248 1155 2305; x_wconf 90' lang='lat' dir='ltr'><strong>multo</strong></span> <span class='ocrx_word' id='word_1_180' title='bbox 1201 2247 1453 2321; x_wconf 81' lang='lat' dir='ltr'><strong>aequius</strong></span> <span class='ocrx_word' id='word_1_181' title='bbox 1499 2255 1625 2306; x_wconf 81' lang='lat' dir='ltr'><strong>erat</strong></span> <span class='ocrx_word' id='word_1_182' title='bbox 1668 2247 2058 2323; x_wconf 86' lang='lat' dir='ltr'><strong>spurcissimo</strong></span> <span class='ocrx_word' id='word_1_183' title='bbox 2104 2247 2230 2307; x_wconf 90' lang='lat' dir='ltr'><strong>ritu</strong></span> <span class='ocrx_word' id='word_1_184' title='bbox 2272 2249 2662 2324; x_wconf 89' lang='lat' dir='ltr'><strong>Hiberorum,</strong></span> 
     </span>
     <span class='ocr_line' id='line_1_20' title="bbox 486 2330 2667 2413; baseline 0 -21"><span class='ocrx_word' id='word_1_185' title='bbox 486 2341 556 2392; x_wconf 92' lang='lat' dir='ltr'><strong>ut</strong></span> <span class='ocrx_word' id='word_1_186' title='bbox 598 2334 685 2392; x_wconf 81' lang='lat' dir='ltr'><strong>ait</strong></span> <span class='ocrx_word' id='word_1_187' title='bbox 729 2331 1001 2392; x_wconf 79' lang='lat' dir='ltr'><strong>Catullus</strong></span> <span class='ocrx_word' id='word_1_188' title='bbox 1049 2330 1173 2411; x_wconf 86' lang='lat'><strong>(39,</strong></span> <span class='ocrx_word' id='word_1_189' title='bbox 1206 2330 1330 2413; x_wconf 85' lang='lat'>18),</span> <span class='ocrx_word' id='word_1_190' title='bbox 1390 2354 1498 2394; x_wconf 73' lang='lat' dir='ltr'><strong>sua</strong></span> <span class='ocrx_word' id='word_1_191' title='bbox 1542 2333 1663 2392; x_wconf 91' lang='lat' dir='ltr'><strong>sibi</strong></span> <span class='ocrx_word' id='word_1_192' title='bbox 1705 2334 1883 2391; x_wconf 80' lang='lat' dir='ltr'><strong>urina</strong></span> <span class='ocrx_word' id='word_1_193' title='bbox 1925 2335 2163 2393; x_wconf 85' lang='lat' dir='ltr'><strong>dentem</strong></span> <span class='ocrx_word' id='word_1_194' title='bbox 2210 2341 2389 2409; x_wconf 77' lang='lat' dir='ltr'><strong>atque</strong></span> <span class='ocrx_word' id='word_1_195' title='bbox 2432 2355 2667 2394; x_wconf 82' lang='lat' dir='ltr'><strong>russam</strong></span> 
     </span>
     <span class='ocr_line' id='line_1_21' title="bbox 486 2415 2667 2500; baseline -0 -21"><span class='ocrx_word' id='word_1_196' title='bbox 486 2421 773 2479; x_wconf 81' lang='lat' dir='ltr'><strong>defricare</strong></span> <span class='ocrx_word' id='word_1_197' title='bbox 819 2420 1129 2497; x_wconf 80' lang='lat' dir='ltr'><strong>ginginam</strong></span> <span class='ocrx_word' id='word_1_198' title='bbox 1175 2415 1614 2500; x_wconf 81' lang='lat' dir='ltr'><strong>(Zahnfleisch).</strong></span> <span class='ocrx_word' id='word_1_199' title='bbox 1660 2452 1748 2461; x_wconf 92' lang='lat'><strong>-—</strong></span> <span class='ocrx_word' id='word_1_200' title='bbox 1796 2424 1972 2489; x_wconf 70' lang='grc' dir='ltr'><strong>Καρ.</strong></span> <span class='ocrx_word' id='word_1_201' title='bbox 2013 2426 2119 2489; x_wconf 88' lang='grc'><strong>11,</strong></span> <span class='ocrx_word' id='word_1_202' title='bbox 2151 2426 2185 2479; x_wconf 91' lang='grc'><strong>1</strong></span> <span class='ocrx_word' id='word_1_203' title='bbox 2237 2441 2502 2497; x_wconf 76' lang='lat' dir='ltr'><strong>conpage</strong></span> <span class='ocrx_word' id='word_1_204' title='bbox 2549 2442 2667 2495; x_wconf 80' lang='lat' dir='ltr'><strong>qua</strong></span> 
     </span>
     <span class='ocr_line' id='line_1_22' title="bbox 488 2500 2667 2585; baseline 0 -20"><span class='ocrx_word' id='word_1_205' title='bbox 488 2508 831 2565; x_wconf 82' lang='lat' dir='ltr'><strong>continetur</strong></span> <span class='ocrx_word' id='word_1_206' title='bbox 875 2514 938 2565; x_wconf 87' lang='lat' dir='ltr'><strong>et</strong></span> <span class='ocrx_word' id='word_1_207' title='bbox 979 2506 1244 2582; x_wconf 83' lang='lat' dir='ltr'><strong>cingitur</strong></span> <span class='ocrx_word' id='word_1_208' title='bbox 1290 2503 1550 2585; x_wconf 79' lang='lat' dir='ltr'><strong>diuulsa]</strong></span> <span class='ocrx_word' id='word_1_209' title='bbox 1609 2500 1778 2565; x_wconf 81' lang='lat' dir='ltr'><strong>Uber</strong></span> <span class='ocrx_word' id='word_1_210' title='bbox 1821 2506 1920 2565; x_wconf 81' lang='lat' dir='ltr'><strong>die</strong></span> <span class='ocrx_word' id='word_1_211' title='bbox 1965 2507 2190 2567; x_wconf 80' lang='lat' dir='ltr'><strong>falsche</strong></span> <span class='ocrx_word' id='word_1_212' title='bbox 2236 2508 2516 2585; x_wconf 85' lang='lat' dir='ltr'><strong>Stellung</strong></span> <span class='ocrx_word' id='word_1_213' title='bbox 2561 2508 2667 2565; x_wconf 90' lang='lat' dir='ltr'><strong>der</strong></span> 
     </span>
     <span class='ocr_line' id='line_1_23' title="bbox 489 2592 2671 2670; baseline -0.001 -17"><span class='ocrx_word' id='word_1_214' title='bbox 489 2596 707 2653; x_wconf 89' lang='lat' dir='ltr'><strong>Worte</strong></span> <span class='ocrx_word' id='word_1_215' title='bbox 752 2594 839 2652; x_wconf 92' lang='lat' dir='ltr'><strong>im</strong></span> <span class='ocrx_word' id='word_1_216' title='bbox 884 2594 1195 2652; x_wconf 84' lang='lat' dir='ltr'><strong>Parisinus</strong></span> <span class='ocrx_word' id='word_1_217' title='bbox 1240 2593 1406 2653; x_wconf 80' lang='lat' dir='ltr'><strong>siche</strong></span> <span class='ocrx_word' id='word_1_218' title='bbox 1454 2596 1514 2653; x_wconf 86' lang='lat' dir='ltr'><strong>S.</strong></span> <span class='ocrx_word' id='word_1_219' title='bbox 1551 2594 1654 2653; x_wconf 91' lang='grc'><strong>97.</strong></span> <span class='ocrx_word' id='word_1_220' title='bbox 1701 2626 1790 2635; x_wconf 89' lang='grc'><strong>-</strong></span> <span class='ocrx_word' id='word_1_221' title='bbox 1835 2592 1875 2670; x_wconf 65' lang='grc' dir='ltr'>ἓ</span> <span class='ocrx_word' id='word_1_222' title='bbox 1909 2596 1967 2653; x_wconf 89' lang='grc'><strong>2.</strong></span> <span class='ocrx_word' id='word_1_223' title='bbox 2015 2601 2157 2670; x_wconf 89' lang='lat' dir='ltr'><strong>post</strong></span> <span class='ocrx_word' id='word_1_224' title='bbox 2200 2594 2429 2653; x_wconf 87' lang='lat' dir='ltr'><strong>cineres</strong></span> <span class='ocrx_word' id='word_1_225' title='bbox 2476 2602 2536 2653; x_wconf 91' lang='lat' dir='ltr'><strong>et</strong></span> <span class='ocrx_word' id='word_1_226' title='bbox 2578 2595 2671 2652; x_wconf 80' lang='lat' dir='ltr'><strong>fa-</strong></span> 
     </span>
     <span class='ocr_line' id='line_1_24' title="bbox 486 2677 2669 2759; baseline 0 -22"><span class='ocrx_word' id='word_1_227' title='bbox 486 2678 690 2757; x_wconf 82' lang='lat' dir='ltr'><strong>uillas]</strong></span> <span class='ocrx_word' id='word_1_228' title='bbox 745 2680 911 2739; x_wconf 86' lang='lat' dir='ltr'><strong>siehe</strong></span> <span class='ocrx_word' id='word_1_229' title='bbox 959 2681 1019 2739; x_wconf 89' lang='lat' dir='ltr'><strong>S.</strong></span> <span class='ocrx_word' id='word_1_230' title='bbox 1058 2680 1204 2739; x_wconf 85' lang='lat'><strong>132.</strong></span> <span class='ocrx_word' id='word_1_231' title='bbox 1244 2714 1328 2723; x_wconf 94' lang='lat'><strong>—</strong></span> <span class='ocrx_word' id='word_1_232' title='bbox 1361 2678 1402 2756; x_wconf 74' lang='lat'>§</span> <span class='ocrx_word' id='word_1_233' title='bbox 1436 2679 1493 2739; x_wconf 91' lang='grc'><strong>3.</strong></span> <span class='ocrx_word' id='word_1_234' title='bbox 1545 2687 1737 2740; x_wconf 88' lang='lat' dir='ltr'><strong>morte</strong></span> <span class='ocrx_word' id='word_1_235' title='bbox 1783 2677 2087 2759; x_wconf 86' lang='lat' dir='ltr'><strong>extinctis]</strong></span> <span class='ocrx_word' id='word_1_236' title='bbox 2139 2682 2395 2740; x_wconf 81' lang='lat' dir='ltr'><strong>mortuis</strong></span> <span class='ocrx_word' id='word_1_237' title='bbox 2440 2680 2669 2740; x_wconf 86' lang='lat' dir='ltr'><strong>extinc-</strong></span> 
     </span>
     <span class='ocr_line' id='line_1_25' title="bbox 488 2767 2671 2845; baseline 0 -20"><span class='ocrx_word' id='word_1_238' title='bbox 488 2768 571 2825; x_wconf 88' lang='lat' dir='ltr'><strong>tis</strong></span> <span class='ocrx_word' id='word_1_239' title='bbox 603 2769 672 2825; x_wconf 93' lang='lat' dir='ltr'><strong>P.</strong></span> <span class='ocrx_word' id='word_1_240' title='bbox 747 2768 958 2825; x_wconf 88' lang='lat' dir='ltr'><strong>Durch</strong></span> <span class='ocrx_word' id='word_1_241' title='bbox 1002 2767 1432 2826; x_wconf 81' lang='lat' dir='ltr'><strong>Assimilation</strong></span> <span class='ocrx_word' id='word_1_242' title='bbox 1476 2769 1582 2825; x_wconf 90' lang='lat' dir='ltr'><strong>der</strong></span> <span class='ocrx_word' id='word_1_243' title='bbox 1625 2769 1892 2845; x_wconf 82' lang='lat' dir='ltr'><strong>Endung</strong></span> <span class='ocrx_word' id='word_1_244' title='bbox 1931 2787 2070 2843; x_wconf 78' lang='lat' dir='ltr'><strong>mag</strong></span> <span class='ocrx_word' id='word_1_245' title='bbox 2114 2774 2237 2827; x_wconf 84' lang='lat' dir='ltr'><strong>erst</strong></span> <span class='ocrx_word' id='word_1_246' title='bbox 2280 2768 2492 2826; x_wconf 89' lang='lat' dir='ltr'><strong>mortis</strong></span> <span class='ocrx_word' id='word_1_247' title='bbox 2537 2774 2671 2825; x_wconf 87' lang='lat' dir='ltr'><strong>ent-</strong></span> 
     </span>
     <span class='ocr_line' id='line_1_26' title="bbox 487 2852 2668 2930; baseline 0 -19"><span class='ocrx_word' id='word_1_248' title='bbox 487 2853 741 2911; x_wconf 77' lang='lat' dir='ltr'><strong>standen</strong></span> <span class='ocrx_word' id='word_1_249' title='bbox 779 2854 905 2911; x_wconf 89' lang='lat' dir='ltr'><strong>und</strong></span> <span class='ocrx_word' id='word_1_250' title='bbox 935 2852 1068 2911; x_wconf 88' lang='lat' dir='ltr'><strong>dies</strong></span> <span class='ocrx_word' id='word_1_251' title='bbox 1098 2855 1255 2911; x_wconf 82' lang='lat' dir='ltr'><strong>dann</strong></span> <span class='ocrx_word' id='word_1_252' title='bbox 1286 2854 1632 2930; x_wconf 80' lang='lat' dir='ltr'><strong>gewaltsam</strong></span> <span class='ocrx_word' id='word_1_253' title='bbox 1664 2854 1732 2911; x_wconf 89' lang='lat' dir='ltr'><strong>in</strong></span> <span class='ocrx_word' id='word_1_254' title='bbox 1760 2854 2016 2913; x_wconf 86' lang='lat' dir='ltr'><strong>mortuis</strong></span> <span class='ocrx_word' id='word_1_255' title='bbox 2038 2855 2403 2913; x_wconf 81' lang='lat' dir='ltr'><strong>verwandelt</strong></span> <span class='ocrx_word' id='word_1_256' title='bbox 2426 2855 2668 2912; x_wconf 86' lang='lat' dir='ltr'><strong>worden</strong></span> 
     </span>
     <span class='ocr_line' id='line_1_27' title="bbox 487 2937 2667 3018; baseline 0 -21"><span class='ocrx_word' id='word_1_257' title='bbox 487 2940 638 2998; x_wconf 86' lang='lat' dir='ltr'><strong>sein.</strong></span> <span class='ocrx_word' id='word_1_258' title='bbox 718 2941 881 2998; x_wconf 87' lang='lat' dir='ltr'><strong>Oder</strong></span> <span class='ocrx_word' id='word_1_259' title='bbox 924 2939 1008 2998; x_wconf 87' lang='lat' dir='ltr'><strong>ist</strong></span> <span class='ocrx_word' id='word_1_260' title='bbox 1051 2941 1307 2999; x_wconf 89' lang='lat' dir='ltr'><strong>mortuis</strong></span> <span class='ocrx_word' id='word_1_261' title='bbox 1339 2937 1604 3000; x_wconf 76' lang='lat' dir='ltr'><strong>Glosse‘?</strong></span> <span class='ocrx_word' id='word_1_262' title='bbox 1677 2943 1857 3017; x_wconf 86' lang='lat' dir='ltr'><strong>Corp.</strong></span> <span class='ocrx_word' id='word_1_263' title='bbox 1892 2940 2075 3015; x_wconf 86' lang='lat' dir='ltr'><strong>gloss.</strong></span> <span class='ocrx_word' id='word_1_264' title='bbox 2106 2941 2239 2999; x_wconf 83' lang='lat' dir='ltr'><strong>Lat.</strong></span> <span class='ocrx_word' id='word_1_265' title='bbox 2273 2944 2378 3018; x_wconf 85' lang='lat' dir='ltr'><strong>IV,</strong></span> <span class='ocrx_word' id='word_1_266' title='bbox 2414 2939 2559 3017; x_wconf 88' lang='grc'><strong>513,</strong></span> <span class='ocrx_word' id='word_1_267' title='bbox 2587 2939 2667 2997; x_wconf 91' lang='grc'><strong>19</strong></span> 
     </span>
     <span class='ocr_line' id='line_1_28' title="bbox 492 3026 2669 3103; baseline -0.001 -18"><span class='ocrx_word' id='word_1_268' title='bbox 492 3026 794 3085; x_wconf 84' lang='lat' dir='ltr'><strong>extinctus</strong></span> <span class='ocrx_word' id='word_1_269' title='bbox 826 3027 1063 3085; x_wconf 81' lang='lat' dir='ltr'><strong>deletus</strong></span> <span class='ocrx_word' id='word_1_270' title='bbox 1094 3033 1386 3085; x_wconf 87' lang='lat' dir='ltr'><strong>mortuus.</strong></span> <span class='ocrx_word' id='word_1_271' title='bbox 1423 3058 1508 3066; x_wconf 90' lang='lat'><strong>——</strong></span> <span class='ocrx_word' id='word_1_272' title='bbox 1547 3026 1789 3103; x_wconf 84' lang='lat' dir='ltr'><strong>quibus,</strong></span> <span class='ocrx_word' id='word_1_273' title='bbox 1823 3026 1981 3084; x_wconf 88' lang='lat' dir='ltr'><strong>sicut</strong></span> <span class='ocrx_word' id='word_1_274' title='bbox 2008 3033 2353 3103; x_wconf 79' lang='lat' dir='ltr'><strong>nascuntur,</strong></span> <span class='ocrx_word' id='word_1_275' title='bbox 2389 3033 2480 3085; x_wconf 83' lang='lat' dir='ltr'><strong>est</strong></span> <span class='ocrx_word' id='word_1_276' title='bbox 2506 3026 2669 3083; x_wconf 83' lang='lat' dir='ltr'><strong>uitae</strong></span> 
     </span>
     <span class='ocr_line' id='line_1_29' title="bbox 483 3109 2666 3190; baseline -0.001 -19"><span class='ocrx_word' id='word_1_277' title='bbox 483 3109 800 3190; x_wconf 85' lang='lat' dir='ltr'><strong>terminus]</strong></span> <span class='ocrx_word' id='word_1_278' title='bbox 832 3112 941 3188; x_wconf 90' lang='lat' dir='ltr'><strong>qui</strong></span> <span class='ocrx_word' id='word_1_279' title='bbox 971 3113 1129 3171; x_wconf 90' lang='lat' dir='ltr'><strong>sicut</strong></span> <span class='ocrx_word' id='word_1_280' title='bbox 1148 3112 1452 3171; x_wconf 81' lang='lat' dir='ltr'><strong>nascimur</strong></span> <span class='ocrx_word' id='word_1_281' title='bbox 1476 3119 1538 3169; x_wconf 89' lang='lat' dir='ltr'><strong>et</strong></span> <span class='ocrx_word' id='word_1_282' title='bbox 1566 3111 1886 3170; x_wconf 89' lang='lat' dir='ltr'><strong>interimus</strong></span> <span class='ocrx_word' id='word_1_283' title='bbox 1903 3113 1981 3183; x_wconf 85' lang='lat' dir='ltr'><strong>P;</strong></span> <span class='ocrx_word' id='word_1_284' title='bbox 2012 3113 2145 3169; x_wconf 87' lang='lat' dir='ltr'><strong>Sen.</strong></span> <span class='ocrx_word' id='word_1_285' title='bbox 2176 3132 2359 3181; x_wconf 66' lang='lat' dir='ltr'><strong>cons„</strong></span> <span class='ocrx_word' id='word_1_286' title='bbox 2386 3112 2461 3170; x_wconf 82' lang='lat' dir='ltr'><strong>ad</strong></span> <span class='ocrx_word' id='word_1_287' title='bbox 2480 3114 2666 3170; x_wconf 86' lang='lat' dir='ltr'><strong>Marc.</strong></span> 
     </span>
     <span class='ocr_line' id='line_1_30' title="bbox 493 3196 2669 3276; baseline -0 -20"><span class='ocrx_word' id='word_1_288' title='bbox 493 3198 593 3276; x_wconf 85' lang='lat'><strong>20,</strong></span> <span class='ocrx_word' id='word_1_289' title='bbox 625 3200 702 3257; x_wconf 99' lang='lat'><strong>11</strong></span> <span class='ocrx_word' id='word_1_290' title='bbox 761 3202 917 3257; x_wconf 88' lang='lat' dir='ltr'><strong>fixus</strong></span> <span class='ocrx_word' id='word_1_291' title='bbox 970 3207 1063 3258; x_wconf 91' lang='lat' dir='ltr'><strong>est</strong></span> <span class='ocrx_word' id='word_1_292' title='bbox 1117 3199 1336 3273; x_wconf 88' lang='lat' dir='ltr'><strong>cuique</strong></span> <span class='ocrx_word' id='word_1_293' title='bbox 1393 3198 1713 3271; x_wconf 81' lang='lat' dir='ltr'><strong>terminus3</strong></span> <span class='ocrx_word' id='word_1_294' title='bbox 1777 3198 1923 3255; x_wconf 86' lang='lat' dir='ltr'><strong>Cod.</strong></span> <span class='ocrx_word' id='word_1_295' title='bbox 1963 3199 2019 3275; x_wconf 89' lang='lat'><strong>1,</strong></span> <span class='ocrx_word' id='word_1_296' title='bbox 2059 3196 2116 3274; x_wconf 89' lang='grc'><strong>2,</strong></span> <span class='ocrx_word' id='word_1_297' title='bbox 2146 3196 2246 3273; x_wconf 88' lang='grc'><strong>23,</strong></span> <span class='ocrx_word' id='word_1_298' title='bbox 2278 3199 2312 3255; x_wconf 91' lang='grc'><strong>1</strong></span> <span class='ocrx_word' id='word_1_299' title='bbox 2373 3198 2669 3255; x_wconf 85' lang='lat' dir='ltr'><strong>terminus</strong></span> 
     </span>
     <span class='ocr_line' id='line_1_31' title="bbox 486 3282 2669 3362; baseline -0.001 -19"><span class='ocrx_word' id='word_1_300' title='bbox 486 3287 681 3359; x_wconf 80' lang='lat' dir='ltr'><strong>uitae3</strong></span> <span class='ocrx_word' id='word_1_301' title='bbox 733 3286 841 3344; x_wconf 89' lang='lat' dir='ltr'><strong>Sil.</strong></span> <span class='ocrx_word' id='word_1_302' title='bbox 877 3289 951 3345; x_wconf 92' lang='lat' dir='ltr'><strong>It.</strong></span> <span class='ocrx_word' id='word_1_303' title='bbox 990 3284 1204 3362; x_wconf 86' lang='grc'><strong>3,134</strong></span> <span class='ocrx_word' id='word_1_304' title='bbox 1259 3285 1492 3344; x_wconf 88' lang='lat' dir='ltr'><strong>cunctis</strong></span> <span class='ocrx_word' id='word_1_305' title='bbox 1537 3291 1655 3343; x_wconf 78' lang='lat' dir='ltr'><strong>stat</strong></span> <span class='ocrx_word' id='word_1_306' title='bbox 1698 3283 1989 3341; x_wconf 83' lang='lat' dir='ltr'><strong>terminus</strong></span> <span class='ocrx_word' id='word_1_307' title='bbox 2034 3284 2191 3341; x_wconf 82' lang='lat' dir='ltr'><strong>aeui.</strong></span> <span class='ocrx_word' id='word_1_308' title='bbox 2280 3287 2415 3341; x_wconf 87' lang='lat' dir='ltr'><strong>Aus</strong></span> <span class='ocrx_word' id='word_1_309' title='bbox 2457 3282 2495 3341; x_wconf 69' lang='grc' dir='ltr'><em>ὃ</em></span> <span class='ocrx_word' id='word_1_310' title='bbox 2539 3284 2669 3342; x_wconf 86' lang='lat' dir='ltr'><strong>uite</strong></span> 
     </span>
     <span class='ocr_line' id='line_1_32' title="bbox 486 3370 2672 3447; baseline -0.001 -18"><span class='ocrx_word' id='word_1_311' title='bbox 486 3371 781 3430; x_wconf 82' lang='lat' dir='ltr'><strong>terminus</strong></span> <span class='ocrx_word' id='word_1_312' title='bbox 825 3397 869 3420; x_wconf 94' lang='lat'><strong><em>=</em></strong></span> <span class='ocrx_word' id='word_1_313' title='bbox 912 3379 1005 3432; x_wconf 87' lang='lat' dir='ltr'><strong>est</strong></span> <span class='ocrx_word' id='word_1_314' title='bbox 1055 3371 1219 3430; x_wconf 85' lang='lat' dir='ltr'><strong>uitae</strong></span> <span class='ocrx_word' id='word_1_315' title='bbox 1276 3379 1320 3432; x_wconf 90' lang='lat' dir='ltr'><strong>t.</strong></span> <span class='ocrx_word' id='word_1_316' title='bbox 1377 3372 1654 3430; x_wconf 83' lang='lat' dir='ltr'><strong>entstand</strong></span> <span class='ocrx_word' id='word_1_317' title='bbox 1708 3371 1993 3429; x_wconf 69' lang='lat' dir='ltr'><strong>zunachst</strong></span> <span class='ocrx_word' id='word_1_318' title='bbox 2045 3370 2207 3427; x_wconf 86' lang='lat' dir='ltr'><strong>wohl</strong></span> <span class='ocrx_word' id='word_1_319' title='bbox 2260 3370 2490 3447; x_wconf 85' lang='lat' dir='ltr'><strong>infolge</strong></span> <span class='ocrx_word' id='word_1_320' title='bbox 2544 3388 2672 3426; x_wconf 80' lang='lat' dir='ltr'><strong>von</strong></span> 
     </span>
     <span class='ocr_line' id='line_1_33' title="bbox 488 3455 2672 3535; baseline -0.001 -19"><span class='ocrx_word' id='word_1_321' title='bbox 488 3458 948 3534; x_wconf 80' lang='lat' dir='ltr'><strong>Haplogrsphie</strong></span> <span class='ocrx_word' id='word_1_322' title='bbox 993 3456 1031 3515; x_wconf 66' lang='lat' dir='ltr'><em>E</em></span> <span class='ocrx_word' id='word_1_323' title='bbox 1059 3459 1420 3517; x_wconf 85' lang='lat' dir='ltr'><strong>uiterminus</strong></span> <span class='ocrx_word' id='word_1_324' title='bbox 1464 3458 1590 3515; x_wconf 89' lang='lat' dir='ltr'><strong>und</strong></span> <span class='ocrx_word' id='word_1_325' title='bbox 1619 3457 1861 3515; x_wconf 76' lang='lat' dir='ltr'><strong>hier-aus</strong></span> <span class='ocrx_word' id='word_1_326' title='bbox 1892 3458 2048 3515; x_wconf 84' lang='lat' dir='ltr'><strong>dann</strong></span> <span class='ocrx_word' id='word_1_327' title='bbox 2094 3463 2155 3514; x_wconf 91' lang='lat' dir='ltr'><strong>et</strong></span> <span class='ocrx_word' id='word_1_328' title='bbox 2184 3455 2521 3535; x_wconf 81' lang='lat' dir='ltr'><strong>interimus,</strong></span> <span class='ocrx_word' id='word_1_329' title='bbox 2570 3456 2672 3513; x_wconf 89' lang='lat' dir='ltr'><strong>ein</strong></span> 
     </span>
     <span class='ocr_line' id='line_1_34' title="bbox 488 3543 2672 3621; baseline -0.002 -18"><span class='ocrx_word' id='word_1_330' title='bbox 488 3545 729 3620; x_wconf 85' lang='lat' dir='ltr'><strong>Fehler,</strong></span> <span class='ocrx_word' id='word_1_331' title='bbox 775 3545 882 3601; x_wconf 88' lang='lat' dir='ltr'><strong>der</strong></span> <span class='ocrx_word' id='word_1_332' title='bbox 927 3544 1026 3602; x_wconf 88' lang='lat' dir='ltr'><strong>die</strong></span> <span class='ocrx_word' id='word_1_333' title='bbox 1069 3545 1471 3621; x_wconf 85' lang='lat' dir='ltr'><strong>Herstellung</strong></span> <span class='ocrx_word' id='word_1_334' title='bbox 1526 3545 1631 3602; x_wconf 87' lang='lat' dir='ltr'><strong>der</strong></span> <span class='ocrx_word' id='word_1_335' title='bbox 1686 3550 1886 3603; x_wconf 87' lang='lat' dir='ltr'><strong>ersten</strong></span> <span class='ocrx_word' id='word_1_336' title='bbox 1928 3545 2155 3601; x_wconf 88' lang='lat' dir='ltr'><strong>Person</strong></span> <span class='ocrx_word' id='word_1_337' title='bbox 2200 3543 2502 3602; x_wconf 79' lang='lat' dir='ltr'><strong>nascimur</strong></span> <span class='ocrx_word' id='word_1_338' title='bbox 2546 3543 2672 3600; x_wconf 88' lang='lat' dir='ltr'><strong>und</strong></span> 
     </span>
     <span class='ocr_line' id='line_1_35' title="bbox 489 3608 2672 3707; baseline 0 -19"><span class='ocrx_word' id='word_1_339' title='bbox 489 3630 590 3690; x_wconf 86' lang='lat' dir='ltr'><strong>die</strong></span> <span class='ocrx_word' id='word_1_340' title='bbox 620 3631 1030 3707; x_wconf 81' lang='lat' dir='ltr'><strong>Weglassung</strong></span> <span class='ocrx_word' id='word_1_341' title='bbox 1075 3631 1179 3689; x_wconf 89' lang='lat' dir='ltr'><strong>des</strong></span> <span class='ocrx_word' id='word_1_342' title='bbox 1231 3608 1317 3691; x_wconf 71' lang='grc' dir='ltr'><strong>Β.</strong></span> <span class='ocrx_word' id='word_1_343' title='bbox 1344 3658 1390 3678; x_wconf 87' lang='lat'><strong>==</strong></span> <span class='ocrx_word' id='word_1_344' title='bbox 1415 3632 1527 3689; x_wconf 91' lang='lat' dir='ltr'><strong>bus</strong></span> <span class='ocrx_word' id='word_1_345' title='bbox 1569 3649 1693 3687; x_wconf 82' lang='lat' dir='ltr'><strong>von</strong></span> <span class='ocrx_word' id='word_1_346' title='bbox 1724 3629 1944 3705; x_wconf 85' lang='lat' dir='ltr'><strong>quibus</strong></span> <span class='ocrx_word' id='word_1_347' title='bbox 1989 3650 2095 3688; x_wconf 85' lang='lat' dir='ltr'><strong>zur</strong></span> <span class='ocrx_word' id='word_1_348' title='bbox 2123 3630 2313 3707; x_wconf 80' lang='lat' dir='ltr'><strong>Folge</strong></span> <span class='ocrx_word' id='word_1_349' title='bbox 2358 3630 2541 3688; x_wconf 79' lang='lat' dir='ltr'><strong>hatte.</strong></span> <span class='ocrx_word' id='word_1_350' title='bbox 2586 3662 2672 3671; x_wconf 85' lang='lat'><strong>——</strong></span> 
     </span>
     <span class='ocr_line' id='line_1_36' title="bbox 489 3713 2671 3795; baseline -0 -20"><span class='ocrx_word' id='word_1_351' title='bbox 489 3715 530 3793; x_wconf 65' lang='grc' dir='ltr'>ξ</span> <span class='ocrx_word' id='word_1_352' title='bbox 563 3718 621 3775; x_wconf 89' lang='lat'><strong>4.</strong></span> <span class='ocrx_word' id='word_1_353' title='bbox 678 3716 744 3774; x_wconf 91' lang='lat' dir='ltr'><strong>in</strong></span> <span class='ocrx_word' id='word_1_354' title='bbox 787 3717 1092 3793; x_wconf 87' lang='lat' dir='ltr'><strong>integrum</strong></span> <span class='ocrx_word' id='word_1_355' title='bbox 1134 3713 1492 3795; x_wconf 80' lang='lat' dir='ltr'><strong>resoluatur]</strong></span> <span class='ocrx_word' id='word_1_356' title='bbox 1537 3716 1604 3774; x_wconf 88' lang='lat' dir='ltr'><strong>in</strong></span> <span class='ocrx_word' id='word_1_357' title='bbox 1645 3723 1864 3774; x_wconf 78' lang='lat' dir='ltr'><strong>terram</strong></span> <span class='ocrx_word' id='word_1_358' title='bbox 1908 3737 1955 3774; x_wconf 89' lang='lat' dir='ltr'><strong>r.</strong></span> <span class='ocrx_word' id='word_1_359' title='bbox 2003 3718 2081 3790; x_wconf 89' lang='lat' dir='ltr'><strong>P;</strong></span> <span class='ocrx_word' id='word_1_360' title='bbox 2132 3718 2292 3792; x_wconf 89' lang='lat' dir='ltr'><strong>Sen.,</strong></span> <span class='ocrx_word' id='word_1_361' title='bbox 2324 3736 2419 3791; x_wconf 91' lang='lat' dir='ltr'><strong>ep.</strong></span> <span class='ocrx_word' id='word_1_362' title='bbox 2455 3715 2671 3792; x_wconf 86' lang='lat'>98,14</span> 
     </span>
     <span class='ocr_line' id='line_1_37' title="bbox 486 3802 2666 3879; baseline 0 -19"><span class='ocrx_word' id='word_1_363' title='bbox 486 3804 634 3862; x_wconf 89' lang='lat' dir='ltr'><strong>licet</strong></span> <span class='ocrx_word' id='word_1_364' title='bbox 661 3804 890 3861; x_wconf 88' lang='lat' dir='ltr'><strong>reuerti</strong></span> <span class='ocrx_word' id='word_1_365' title='bbox 919 3803 986 3861; x_wconf 91' lang='lat' dir='ltr'><strong>in</strong></span> <span class='ocrx_word' id='word_1_366' title='bbox 1013 3803 1224 3879; x_wconf 83' lang='lat' dir='ltr'><strong>uitam,</strong></span> <span class='ocrx_word' id='word_1_367' title='bbox 1263 3804 1412 3863; x_wconf 90' lang='lat' dir='ltr'><strong>licet</strong></span> <span class='ocrx_word' id='word_1_368' title='bbox 1438 3803 1505 3861; x_wconf 91' lang='lat' dir='ltr'><strong>in</strong></span> <span class='ocrx_word' id='word_1_369' title='bbox 1534 3804 1838 3878; x_wconf 87' lang='lat' dir='ltr'><strong>integrum</strong></span> <span class='ocrx_word' id='word_1_370' title='bbox 1877 3802 2147 3876; x_wconf 84' lang='lat' dir='ltr'><strong>restitui3</strong></span> <span class='ocrx_word' id='word_1_371' title='bbox 2196 3822 2356 3861; x_wconf 72' lang='lat' dir='ltr'><strong>cons.</strong></span> <span class='ocrx_word' id='word_1_372' title='bbox 2383 3803 2460 3859; x_wconf 86' lang='lat' dir='ltr'><strong>ad</strong></span> <span class='ocrx_word' id='word_1_373' title='bbox 2480 3804 2666 3861; x_wconf 79' lang='lat' dir='ltr'><strong>Marc.</strong></span> 
     </span>
     <span class='ocr_line' id='line_1_38' title="bbox 491 3889 2670 3966; baseline 0 -19"><span class='ocrx_word' id='word_1_374' title='bbox 491 3890 573 3947; x_wconf 89' lang='grc'><strong>22</strong></span> <span class='ocrx_word' id='word_1_375' title='bbox 619 3890 964 3966; x_wconf 83' lang='lat' dir='ltr'><strong>proximum</strong></span> <span class='ocrx_word' id='word_1_376' title='bbox 1008 3897 1154 3965; x_wconf 80' lang='lat' dir='ltr'><strong>puta</strong></span> <span class='ocrx_word' id='word_1_377' title='bbox 1198 3890 1494 3949; x_wconf 82' lang='lat' dir='ltr'><strong>breuitate</strong></span> <span class='ocrx_word' id='word_1_378' title='bbox 1538 3891 1704 3948; x_wconf 84' lang='lat' dir='ltr'><strong>uitae</strong></span> <span class='ocrx_word' id='word_1_379' title='bbox 1750 3890 2063 3948; x_wconf 75' lang='lat' dir='ltr'><strong>defunctos</strong></span> <span class='ocrx_word' id='word_1_380' title='bbox 2110 3889 2231 3947; x_wconf 92' lang='lat' dir='ltr'><strong>cito</strong></span> <span class='ocrx_word' id='word_1_381' title='bbox 2262 3890 2327 3947; x_wconf 90' lang='lat' dir='ltr'><strong>in</strong></span> <span class='ocrx_word' id='word_1_382' title='bbox 2366 3889 2670 3964; x_wconf 84' lang='lat' dir='ltr'><strong>integrum</strong></span> 
     </span>
     <span class='ocr_line' id='line_1_39' title="bbox 487 3974 2672 4052; baseline -0.001 -17"><span class='ocrx_word' id='word_1_383' title='bbox 487 3976 754 4050; x_wconf 81' lang='lat' dir='ltr'><strong>restitui3</strong></span> <span class='ocrx_word' id='word_1_384' title='bbox 802 3977 991 4052; x_wconf 86' lang='lat' dir='ltr'><strong>Lact.,</strong></span> <span class='ocrx_word' id='word_1_385' title='bbox 1016 3977 1090 4035; x_wconf 85' lang='lat' dir='ltr'><strong>de</strong></span> <span class='ocrx_word' id='word_1_386' title='bbox 1114 3976 1204 4034; x_wconf 76' lang='lat' dir='ltr'><strong>ira</strong></span> <span class='ocrx_word' id='word_1_387' title='bbox 1229 3976 1331 4051; x_wconf 90' lang='lat'><strong>10,</strong></span> <span class='ocrx_word' id='word_1_388' title='bbox 1363 3975 1401 4033; x_wconf 89' lang='grc'><strong>9</strong></span> <span class='ocrx_word' id='word_1_389' title='bbox 1447 3996 1521 4033; x_wconf 82' lang='lat' dir='ltr'><strong>ex</strong></span> <span class='ocrx_word' id='word_1_390' title='bbox 1563 3977 1662 4033; x_wconf 85' lang='lat' dir='ltr'><strong>his</strong></span> <span class='ocrx_word' id='word_1_391' title='bbox 1706 3974 1991 4033; x_wconf 76' lang='lat' dir='ltr'><strong>animalia</strong></span> <span class='ocrx_word' id='word_1_392' title='bbox 2036 3980 2098 4033; x_wconf 88' lang='lat' dir='ltr'><strong>et</strong></span> <span class='ocrx_word' id='word_1_393' title='bbox 2140 3995 2297 4049; x_wconf 82' lang='lat' dir='ltr'><strong>aqua</strong></span> <span class='ocrx_word' id='word_1_394' title='bbox 2327 3983 2388 4033; x_wconf 85' lang='lat' dir='ltr'><strong>et</strong></span> <span class='ocrx_word' id='word_1_395' title='bbox 2417 3975 2578 4051; x_wconf 87' lang='lat' dir='ltr'><strong>ignis</strong></span> <span class='ocrx_word' id='word_1_396' title='bbox 2610 3982 2672 4033; x_wconf 91' lang='lat' dir='ltr'><strong>et</strong></span> 
     </span>
     <span class='ocr_line' id='line_1_40' title="bbox 486 4058 2665 4139; baseline -0.001 -18"><span class='ocrx_word' id='word_1_397' title='bbox 486 4063 772 4122; x_wconf 80' lang='lat' dir='ltr'><strong>uniuersa</strong></span> <span class='ocrx_word' id='word_1_398' title='bbox 814 4062 1146 4139; x_wconf 83' lang='lat' dir='ltr'><strong>gignuntur</strong></span> <span class='ocrx_word' id='word_1_399' title='bbox 1177 4069 1236 4120; x_wconf 89' lang='lat' dir='ltr'><strong>et</strong></span> <span class='ocrx_word' id='word_1_400' title='bbox 1265 4081 1472 4120; x_wconf 87' lang='lat' dir='ltr'><strong>rursus</strong></span> <span class='ocrx_word' id='word_1_401' title='bbox 1501 4062 1568 4119; x_wconf 91' lang='lat' dir='ltr'><strong>in</strong></span> <span class='ocrx_word' id='word_1_402' title='bbox 1598 4062 1806 4120; x_wconf 83' lang='lat' dir='ltr'><strong>eadem</strong></span> <span class='ocrx_word' id='word_1_403' title='bbox 1835 4062 2224 4121; x_wconf 88' lang='lat' dir='ltr'><strong>resoluuntur</strong></span> <span class='ocrx_word' id='word_1_404' title='bbox 2256 4058 2665 4138; x_wconf 87' lang='lat' dir='ltr'><strong>(Leucippus).</strong></span> 
     </span>
     <span class='ocr_line' id='line_1_41' title="bbox 487 4147 2663 4226; baseline -0.001 -19"><span class='ocrx_word' id='word_1_405' title='bbox 487 4150 788 4208; x_wconf 82' lang='lat' dir='ltr'><strong>Pacuuius</strong></span> <span class='ocrx_word' id='word_1_406' title='bbox 834 4150 921 4207; x_wconf 88' lang='lat' dir='ltr'><strong>im</strong></span> <span class='ocrx_word' id='word_1_407' title='bbox 953 4151 1234 4225; x_wconf 84' lang='lat' dir='ltr'><strong>Chryses:</strong></span> <span class='ocrx_word' id='word_1_408' title='bbox 1284 4148 1584 4222; x_wconf 91' lang='lat' dir='ltr'><strong>quidquid</strong></span> <span class='ocrx_word' id='word_1_409' title='bbox 1629 4155 1721 4205; x_wconf 84' lang='lat' dir='ltr'><strong>est</strong></span> <span class='ocrx_word' id='word_1_410' title='bbox 1761 4151 1878 4207; x_wconf 89' lang='lat' dir='ltr'><strong>hoc</strong></span> <span class='ocrx_word' id='word_1_411' title='bbox 1909 4148 2111 4205; x_wconf 81' lang='lat' dir='ltr'><strong>omnia</strong></span> <span class='ocrx_word' id='word_1_412' title='bbox 2141 4147 2387 4226; x_wconf 77' lang='lat' dir='ltr'><strong>animat,</strong></span> <span class='ocrx_word' id='word_1_413' title='bbox 2426 4149 2663 4223; x_wconf 82' lang='lat' dir='ltr'><strong>format,</strong></span> 
     </span>
     <span class='ocr_line' id='line_1_42' title="bbox 489 4234 2669 4314; baseline 0 -21"><span class='ocrx_word' id='word_1_414' title='bbox 489 4236 618 4314; x_wconf 84' lang='lat' dir='ltr'><strong>alit,</strong></span> <span class='ocrx_word' id='word_1_415' title='bbox 651 4243 848 4314; x_wconf 81' lang='lat' dir='ltr'><strong>auget,</strong></span> <span class='ocrx_word' id='word_1_416' title='bbox 883 4242 1061 4314; x_wconf 81' lang='lat' dir='ltr'><strong>creat,</strong></span> <span class='ocrx_word' id='word_1_417' title='bbox 1103 4234 1324 4311; x_wconf 88' lang='lat' dir='ltr'><strong>sepelit</strong></span> <span class='ocrx_word' id='word_1_418' title='bbox 1365 4234 1703 4309; x_wconf 87' lang='lat' dir='ltr'><strong>recipitque</strong></span> <span class='ocrx_word' id='word_1_419' title='bbox 1748 4234 1815 4291; x_wconf 90' lang='lat' dir='ltr'><strong>in</strong></span> <span class='ocrx_word' id='word_1_420' title='bbox 1858 4253 1987 4293; x_wconf 86' lang='lat' dir='ltr'><strong>sese</strong></span> <span class='ocrx_word' id='word_1_421' title='bbox 2035 4234 2235 4292; x_wconf 80' lang='lat' dir='ltr'><strong>omnia</strong></span> <span class='ocrx_word' id='word_1_422' title='bbox 2280 4235 2669 4309; x_wconf 88' lang='lat' dir='ltr'><strong>omniumque</strong></span> 
     </span>
     <span class='ocr_line' id='line_1_43' title="bbox 489 4320 2672 4399; baseline 0 -19"><span class='ocrx_word' id='word_1_423' title='bbox 489 4322 652 4381; x_wconf 91' lang='lat' dir='ltr'><strong>idem</strong></span> <span class='ocrx_word' id='word_1_424' title='bbox 698 4332 790 4382; x_wconf 89' lang='lat' dir='ltr'><strong>est</strong></span> <span class='ocrx_word' id='word_1_425' title='bbox 833 4330 1034 4399; x_wconf 78' lang='lat' dir='ltr'><strong>pater:</strong></span> <span class='ocrx_word' id='word_1_426' title='bbox 1081 4321 1473 4396; x_wconf 86' lang='lat' dir='ltr'><strong>indidemque</strong></span> <span class='ocrx_word' id='word_1_427' title='bbox 1519 4321 1846 4395; x_wconf 80' lang='lat' dir='ltr'><strong>eademque</strong></span> <span class='ocrx_word' id='word_1_428' title='bbox 1893 4320 2170 4380; x_wconf 88' lang='lat' dir='ltr'><strong>oriuntur</strong></span> <span class='ocrx_word' id='word_1_429' title='bbox 2211 4322 2285 4380; x_wconf 88' lang='lat' dir='ltr'><strong>de</strong></span> <span class='ocrx_word' id='word_1_430' title='bbox 2314 4320 2539 4397; x_wconf 71' lang='lat' dir='ltr'><strong>inteyro</strong></span> <span class='ocrx_word' id='word_1_431' title='bbox 2579 4330 2672 4380; x_wconf 83' lang='lat' dir='ltr'><strong>at-</strong></span> 
     </span>
    </p>
   </div>
  </div>
 </body>
</html>
