3309 5192
1545 541 1959 616 „34-

664 775 828 823 mus
863 751 1235 841 inuentor,
1276 775 1528 824 nonne
1565 751 2014 846 plerumque
2052 760 2398 825 naturam
2434 778 2627 848 quae
2656 756 2844 826 ima·-

661 872 875 968 gines
910 869 1176 944 fundat
1213 880 1287 944 et
1316 869 1911 968 intellegentiam
1950 873 2173 945 deum
2201 872 2538 967 loquitur
2555 879 2590 946 ἱ)
2646 875 2843 949 Stra-

663 1001 794 1066 ton
849 1016 1148 1086 quoque
1203 1000 1280 1064 et
1329 992 1493 1086 ipse
1542 996 1935 1064 naturam?
2004 992 2228 1066 etiam
2265 994 2637 1090 Epicurus
2679 996 2839 1087 ille,

663 1114 795 1208 qui
831 1113 1007 1185 deos
1044 1120 1176 1186 aut
1211 1113 1486 1186 otiosos
1521 1113 1739 1209 fingit
1766 1122 1896 1185 aut
1920 1113 2193 1200 nullos,
2248 1125 2559 1190 naturae
2588 1125 2842 1190 tamen

590 1251 626 1304 9
661 1258 888 1318 unam
965 1241 1410 1328 potestatem
1483 1233 1948 1327 superponit.
2050 1235 2493 1309 Aristoteles
2572 1239 2836 1329 uariat,
2868 1265 2898 1306 5

659 1379 836 1427 nam
881 1354 1187 1428 interim
1223 1362 1552 1426 mentem
1590 1355 1976 1445 mundum,
2033 1356 2336 1428 interim
2374 1358 2599 1429 deum
2635 1359 2837 1449 dicit,

658 1476 963 1549 interim
1016 1475 1298 1547 mundo
1354 1475 1577 1545 deum
1629 1475 1989 1568 praeficit.
2080 1475 2527 1550 Heraclides
2579 1477 2841 1553 Ponti-

662 1621 793 1670 cus
846 1618 1149 1689 quoque
1206 1595 1278 1667 ei
1333 1595 1667 1666 diuinam
1706 1603 2035 1667 mentem
2076 1597 2420 1689 quamuis
2464 1598 2674 1671 uarie
2711 1601 2843 1670 ad·-

553 1740 625 1794 10
661 1717 940 1790 scribit.
1035 1716 1599 1809 Theophrastus
1665 1717 1890 1788 etiam
1954 1716 2217 1806 uariat,
2286 1715 2469 1789 alias
2532 1719 2836 1808 mundo,

660 1837 844 1910 alias
909 1835 1146 1909 menti
1210 1835 1511 1908 diuinae
1564 1837 1902 1908 tribuens
1956 1835 2490 1931 principatum.
2581 1840 2838 1912 Zenon
2868 1869 2923 1911 ιο

662 1967 736 2031 et
764 1957 1226 2052 Chrysippus
1265 1964 1341 2028 et
1371 1955 1775 2029 Cleanthes
1812 1966 1988 2029 sunt
2024 1966 2099 2030 et
2132 1957 2279 2052 ipsi
2314 1956 2836 2049 multiformeS,

659 2079 792 2150 sed
845 2078 940 2148 ad
992 2077 1359 2150 unitatem
1427 2077 1951 2171 prouidentiae
2006 2100 2264 2149 omnes
2317 2078 2837 2152 reuoluuntur.

663 2199 1066 2271 Cleanthes
1120 2198 1324 2271 enim
1378 2207 1708 2271 mentem
1761 2199 1983 2270 modo
2040 2197 2544 2291 animumque,
2615 2202 2838 2272 modo

658 2320 986 2410 aethera,
1034 2317 1481 2413 plerumque
1517 2319 1886 2391 rationem
1925 2319 2151 2389 deum
2187 2319 2500 2391 disserit.
2576 2320 2836 2393 Zenon

658 2440 993 2513 eiusdem
1039 2440 1410 2535 magister,
1469 2437 1889 2511 naturalem
1932 2438 2185 2533 legem
2228 2447 2451 2532 atque
2500 2440 2831 2512 diui-nam
2862 2473 2920 2514 1⁵

658 2568 733 2634 et
787 2561 1093 2633 aethera
1138 2559 1440 2631 interim
1488 2559 2017 2653 interdumque
2062 2558 2428 2631 rationem
2473 2560 2642 2633 uult
2678 2585 2836 2633 om-

654 2682 867 2752 nium
904 2704 1062 2753 esse
1097 2678 1586 2773 principium;
1645 2680 1846 2751 idem
1873 2679 2438 2773 interpretando
2465 2679 2838 2753 Iunonem

657 2808 851 2892 aera,
908 2800 1176 2874 Iouem
1225 2799 1543 2892 caelum,
1601 2800 2045 2893 Neptunum
2090 2823 2315 2890 mare,
2373 2800 2627 2895 ignem
2675 2825 2834 2873 esse

660 2920 1087 2994 Vulcanum
1143 2928 1218 2993 et
1271 2927 1556 2993 ceteros
1611 2919 1955 2992 similiter
1996 2919 2211 3016 uulgi
2250 2920 2426 2993 deos
2464 2920 2837 2994 elementa

657 3065 816 3114 esse
852 3043 1328 3114 monstrando
1365 3039 1759 3135 publicum
1788 3039 2033 3136 arguit
2058 3040 2389 3136 grauiter
2416 3049 2490 3113 et
2514 3042 2836 3114 reuincit
2862 3075 2923 3118 20

548 3183 615 3236 11
656 3186 1008 3235 errorem.
1101 3161 1360 3234 eadem
1406 3157 1565 3234 fere
1613 3158 1905 3233 ratione
1947 3160 2410 3255 Chrysippus
2448 3159 2607 3232 111111
2642 3162 2836 3232 (11111-

805 3403 846 3461 4
874 3415 1121 3462 naturae
1151 3419 1289 3462 nos:
1319 3410 1594 3462 naturam
1624 3402 1674 3459 P
1706 3397 1731 3481 ΙΙ
1774 3401 1811 3460 5
1844 3421 2026 3459 unam
2054 3408 2416 3478 potestatem
2445 3401 2555 3461 hoo
2584 3400 2706 3460 loeo
2735 3401 2835 3460 in-

652 3490 985 3564 seruimus;
1031 3489 1103 3548 in
1140 3490 1190 3547 P
1223 3494 1365 3565 post
1404 3489 1771 3548 Aristoteles
1816 3488 2012 3547 uariat
2056 3487 2327 3564 lcyuntur
2368 3486 2569 3546 uerba:
2622 3496 2683 3547 et
2727 3489 2833 3546 ad-

652 3576 852 3652 signat
881 3585 1084 3635 tamen
1111 3595 1292 3645 unam
1321 3584 1684 3651 potestatem
1725 3571 1751 3654 ΙΙ
1803 3575 1837 3632 7
1866 3579 2004 3650 post
2028 3575 2301 3651 praeficit
2324 3571 2489 3632 addit
2507 3575 2583 3633 P:
2618 3574 2835 3634 aristo-

649 3664 741 3722 les
785 3664 1070 3739 ponticus
1121 3662 1316 3720 uariat
1361 3661 1514 3720 alias
1557 3661 1785 3719 mundo
1838 3660 1989 3720 alias
2034 3660 2223 3718 menti
2268 3659 2511 3719 diuinae
2557 3661 2831 3720 tribuens

649 3749 1082 3827 principatum,
1146 3765 1293 3823 quae
1342 3747 1522 3807 uerba
1573 3747 1751 3806 deleto
1805 3745 2138 3805 emblemate
2191 3746 2498 3806 Aristoles
2549 3749 2835 3824 ponticus

657 3833 719 3895 G.
755 3834 1055 3893 Roermus
1099 3832 1463 3910 transposuit
1492 3837 1636 3910 post
1684 3834 2135 3910 Theophrastus
2182 3829 2261 3912 (u.
2297 3828 2357 3911 9)
2413 3828 2438 3912 Η
2492 3833 2532 3891 8
2587 3833 2647 3891 61
2688 3848 2827 3892 nos:

651 3923 725 3980 de
758 3921 871 3980 deo
917 3921 966 3978 P
1030 3918 1057 4000 ΙΙ
1120 3921 1158 3980 9
1205 3920 1568 3979 theofrastus
1613 3927 1674 3978 et
1704 3938 1895 3978 zenon
1937 3920 1986 3977 P
2032 3919 2104 3996 cfi
2137 3937 2198 3978 u.
2238 3920 2272 3977 7
2328 3915 2355 3999 ΙΙ
2408 3919 2589 3978 etiam
2628 3918 2832 3978 Vahle-

648 4023 795 4066 nus:
830 4015 892 4066 et
920 4008 970 4065 P
1001 4003 1027 4087 ΙΙ
1057 4007 1254 4066 uariat
1285 4051 1298 4066 .
1329 4049 1344 4065 .
1371 4050 1388 4066 .
1419 4004 1829 4083 principatum
1857 4005 1914 4065 h.
1950 4005 1986 4064 l.
2022 4024 2138 4065 om.
2173 4007 2223 4064 P
2252 4009 2327 4081 os.
2358 4023 2420 4066 u.
2458 4007 2494 4064 7
2528 4002 2554 4084 ΙΙ
2590 4004 2668 4064 13
2701 4005 2830 4064 ani-

649 4113 938 4169 mumque
981 4109 1125 4153 ‘nost
1171 4093 1440 4152 animum
1482 4094 1532 4151 P
1562 4088 1588 4171 ΙΙ
1624 4093 1706 4151 14
1752 4092 1997 4152 disserit
2034 4091 2362 4152 Daui-sius:
2406 4092 2691 4151 disseruit
2718 4092 2767 4149 P
2810 4084 2834 4172 Η

653 4181 731 4238 21
762 4181 968 4239 eadem
991 4181 1113 4239 fere
1127 4180 1360 4239 ratione
1376 4179 1750 4256 Chrysippus
1763 4181 1893 4238 uim
1910 4179 2181 4238 diuinam
2199 4179 2447 4255 exponit
2472 4186 2532 4238 et
2554 4179 2826 4238 disserit:

651 4287 792 4324 nam
837 4280 976 4326 ‘nost
1026 4268 1232 4326 eadem
1277 4267 1400 4325 fere
1447 4267 1761 4343 crysippus
1804 4265 1933 4324 uim
1980 4265 2249 4325 diuinam
2292 4266 2342 4323 P
2387 4265 2459 4340 cf.
2487 4284 2555 4341 p.
2592 4264 2695 4341 35,
2728 4263 2765 4322 5
2811 4257 2834 4344 ss
