3309 5192
1373 553 1786 627 ...73-

492 764 585 834 de
641 771 886 835 sectae
940 764 1091 834 iam
1135 773 1430 836 nostrae
1478 762 1903 835 sinceritate
1942 764 2349 837 consentio.
2445 764 2671 838 etiam

491 907 694 955 nunc
729 891 982 956 tamen
1019 883 1273 976 aliqua
1307 884 1703 956 subsidunt
1736 907 1890 956 non
1928 883 2435 978 obstrepentia
2469 885 2671 957 ueri-

491 1004 648 1094 tati,
697 1005 830 1076 sed
866 1000 1245 1097 perfectae
1281 1004 1736 1077 institutioni
1770 1005 2209 1096 necessaria,
2268 1006 2359 1077 de
2399 1005 2670 1098 quibus

493 1125 838 1214 crastinO,
903 1126 1106 1218 quod
1157 1124 1307 1197 iam
1363 1125 1476 1198 sol
1530 1125 1829 1199 occasui
1882 1124 2195 1197 decliuis
2248 1134 2381 1218 est,
2437 1134 2523 1199 ut
2576 1127 2669 1199 de

437 1275 464 1315 ε
490 1252 648 1317 toto
701 1269 1217 1340 congruamus,
1276 1246 1696 1340 promptius
1747 1245 2259 1337 requiremus!
2356 1248 2454 1320 ‘at
2508 1247 2665 1342 ego’
2702 1265 2738 1320 3

486 1364 794 1457 inquam
854 1365 1242 1460 ‘prolixius
1290 1367 1626 1438 omnium
1672 1375 2007 1438 nostrum
2054 1367 2301 1439 uicem
2351 1369 2663 1464 gaudeO,

488 1486 692 1578 quod
763 1487 988 1558 etiam
1057 1486 1247 1558 mihi
1310 1487 1673 1559 Octauius
1735 1487 2023 1576 uicerit,
2100 1511 2272 1558 cum
2339 1489 2667 1560 maxima

485 1604 871 1678 iudicandi
918 1607 1107 1678 mihi
1143 1608 1434 1680 inuidia
1479 1609 1810 1680 detracta
1863 1607 1978 1681 sit.
2031 1631 2173 1680 nec
2208 1616 2462 1681 tamen
2499 1632 2667 1702 pos-

487 1749 651 1797 sum
720 1727 1069 1799 meritum
1143 1729 1306 1800 eius
1366 1728 1771 1800 uerborum
1830 1727 2178 1801 laudibus
2238 1753 2662 1824 repensare.

409 1877 459 1919 ιο
485 1846 996 1919 testimonium
1078 1856 1154 1920 et
1224 1848 1550 1920 hominis
1623 1856 1699 1920 et
1760 1849 1981 1921 unius
2059 1850 2438 1921 infirmum
2518 1856 2658 1922 est:

484 1965 715 2039 habet
760 1969 881 2040 dei
917 1991 1188 2041 munus
1229 1969 1610 2059 eximium,
1668 1993 1713 2039 a
1750 1993 1900 2062 quo
1950 1978 2025 2043 et
2057 1969 2461 2063 inspiratus
2498 1994 2665 2042 ora-

485 2086 599 2160 uit
652 2095 728 2160 et
781 2089 1104 2162 obtinuit
1156 2085 1494 2159 adiutus.‘

639 2207 822 2281 Post
851 2207 1043 2280 haec
1078 2206 1259 2281 laeti
1292 2207 1719 2302 hilaresque
1759 2211 2247 2304 discessimus,
2291 2211 2663 2284 Caecilius
2698 2231 2729 2284 4

486 2328 686 2420 quod
741 2329 1159 2418 crediderit,
1220 2329 1603 2420 OctauiuS,
1661 2331 1900 2426 gratia
1954 2331 2077 2403 dei
2113 2332 2315 2423 quod
2369 2332 2658 2422 uicerit,

407 2482 456 2523 15
485 2471 623 2544 ego
680 2457 754 2520 et
806 2451 1009 2543 quod
1062 2448 1189 2520 hic
1245 2449 1644 2522 crediderit
1700 2459 1774 2523 et
1825 2451 1951 2522 hic
2005 2451 2290 2524 uicerit.

636 2654 674 2712 2
720 2655 1040 2715 subsidunt
1081 2655 1508 2716 Heumannus:
1557 2657 1993 2719 consubsidunt
2021 2661 2070 2717 P
2110 2654 2136 2737 ΙΙ
2177 2657 2215 2716 5
2263 2678 2661 2736 congruamus

479 2756 618 2800 nos:
668 2744 1094 2819 congruentius
1138 2746 1187 2802 P
1231 2740 1258 2821 ΙΙ
1305 2744 1380 2801 ad
1412 2763 1524 2820 ego
1553 2746 1604 2802 P
1633 2762 1715 2803 m.
1750 2745 1800 2803 1.
1834 2742 1861 2824 ΙΙ
1903 2743 1941 2803 6
1985 2744 2184 2803 uicem
2224 2743 2655 2804 Heumannus:

479 2827 616 2887 uice
659 2830 710 2886 P
753 2825 778 2905 ΙΙ
835 2828 914 2888 10
970 2828 1299 2888 infirmium
1343 2833 1409 2907 P,
1475 2829 1576 2888 sed
1619 2831 1788 2890 tertia
1829 2832 1853 2890 i
1897 2848 2067 2890 erasa
2106 2826 2131 2909 ΙΙ
2186 2831 2267 2889 14
2326 2831 2516 2908 gratia
2560 2832 2659 2892 dei

479 2930 617 2973 nos:
664 2916 926 2991 gaudere
970 2918 1019 2974 P
1051 2911 1076 2994 Η
