3309 5192
1403 520 1821 595 ...39—

517 738 676 804 tem
712 730 890 802 deos
925 731 1226 826 fingitis,
1265 740 1351 803 ut
1384 731 1808 825 perierante
1846 730 2170 804 Proculo
2210 732 2391 804 deus
2419 731 2704 805 Romu-

515 849 638 923 lus
676 859 751 923 et
784 851 976 922 Iuba
1009 850 1301 922 Mauris
1337 850 1769 924 uolentibus
1807 852 1989 924 deus
2026 860 2136 924 est
2173 860 2248 925 et
2282 851 2441 924 diui
2472 853 2703 926 ceteri

515 995 755 1067 regeS,
797 971 931 1064 qui
958 953 1488 1044 consecrantur
1514 996 1669 1044 non
1695 972 1793 1044 ad
1817 973 2044 1043 fidem
2068 971 2417 1062 numinis,
2449 974 2581 1045 sed
2607 975 2701 1045 ad

517 1092 886 1164 honorem
953 1092 1307 1164 emeritae
1369 1092 1783 1186 potestatis.
1874 1091 2135 1164 inuitis
2194 1092 2313 1164 his
2376 1093 2701 1186 denique
2737 1110 2809 1166 10

461 1241 488 1281 5
515 1208 664 1284 hoc
717 1236 996 1284 nomen
1051 1212 1530 1295 adscribitur;
1587 1220 1851 1306 optant
1895 1211 2098 1284 enim
2142 1211 2486 1286 homines
2530 1237 2703 1308 per-

518 1356 890 1423 seuerare,
975 1333 1139 1405 fieri
1219 1356 1296 1405 se
1366 1335 1542 1406 deos
1613 1341 1979 1423 metuunt,
2064 1331 2201 1406 etsi
2265 1333 2418 1404 iam
2486 1356 2701 1405 senes

513 1453 815 1526 nolunt.
898 1477 1076 1548 ergo
1139 1477 1280 1526 nec
1352 1455 1444 1525 de
1515 1453 1826 1528 mortuis
1890 1452 2016 1544 dii,
2092 1453 2451 1548 quoniam
2518 1454 2700 1552 deus

517 1574 714 1646 mori
792 1597 948 1645 non
1019 1583 1288 1668 potest,
1371 1598 1512 1646 nec
1586 1576 1679 1646 de
1750 1573 1966 1664 natis,
2052 1574 2408 1667 quoniam
2478 1573 2699 1646 mori-

516 1703 644 1766 tur
711 1718 932 1767 omne
996 1695 1225 1788 quod.
1259 1694 1623 1784 nascitur3
1701 1695 2045 1767 diuinum
2108 1703 2360 1767 autem
2418 1695 2498 1767 id
2562 1705 2696 1784 est,

439 1843 489 1886 ιο
519 1816 725 1908 quod
779 1839 920 1886 nec
976 1824 1222 1887 ortum
1274 1816 1504 1888 habet
1536 1839 1679 1888 nec
1728 1838 2094 1887 occasum.
2190 1840 2322 1888 cur
2359 1816 2581 1906 enim,
2640 1813 2701 1887 si
2737 1835 2804 1889 11

516 1935 683 2007 nati
734 1944 927 2025 sunt,
985 1960 1139 2008 non
1188 1936 1566 2029 hodieque
1611 1939 2071 2009 nascuntur?
2123 1934 2270 2007 nisi
2319 1933 2514 2008 forte
2551 1937 2702 2008 iam

517 2055 867 2149 Iuppiter
894 2057 1142 2128 senuit
1171 2065 1245 2129 et
1270 2066 1527 2151 partus
1543 2057 1625 2128 in
1644 2057 1937 2128 Iunone
1959 2053 2236 2129 defecit
2255 2065 2330 2129 et
2348 2056 2705 2129 Minerua

522 2175 780 2247 canuit
859 2184 1264 2268 antequam
1340 2177 1660 2271 peperit.
1772 2201 1869 2248 an
1937 2177 2109 2249 ideo
2180 2177 2499 2249 cessauit
2562 2177 2703 2249 ista

525 2296 931 2390 generatio,
997 2297 1354 2390 quoniam
1407 2297 1621 2370 nulla
1674 2298 2104 2370 huiusmodi
2155 2294 2431 2369 fabulis
2485 2321 2701 2390 prae-

442 2445 494 2486 15
525 2418 742 2489 betur
795 2418 1182 2490 adsensio‘?
1273 2428 1606 2491 ceterum
1652 2418 1716 2492 si
1762 2419 1869 2490 dii
1914 2442 2165 2492 creare
2201 2425 2527 2511 possent,
2584 2417 2699 2488 in-
2737 2442 2806 2495 12

520 2537 748 2610 terire
774 2562 929 2610 non
955 2547 1280 2632 possent,
1321 2539 1576 2632 plures
1604 2539 1777 2612 totis
1804 2539 2235 2612 hominibus
2265 2539 2443 2609 deos
2472 2537 2704 2609 habe-

520 2680 794 2748 remuS,
832 2666 917 2730 ut
950 2659 1102 2730 iam
1140 2683 1265 2732 eos
1300 2684 1442 2732 nec
1479 2660 1774 2732 caelum
1810 2659 2228 2732 contineret
2253 2683 2395 2730 nec
2424 2665 2552 2730 aer
2581 2681 2705 2729 ca-

521 2786 739 2870 peret
816 2803 958 2851 nec
1028 2788 1226 2852 terra
1305 2790 1647 2876 gestaret.
1760 2782 1961 2853 unde
2042 2776 2523 2851 manifestum
2595 2785 2706 2850 est

523 2894 866 2970 homines
911 2898 1082 2972 illos
1128 2898 1380 2991 fuisse,
1438 2926 1625 2995 quos
1674 2911 1749 2974 et
1789 2910 2002 2974 natos
2037 2899 2357 2995 legimus
2395 2908 2470 2972 et
2504 2922 2702 2970 mor-

443 3047 496 3092 20
526 3026 694 3090 tuos
747 3019 1042 3091 scimus.
1134 3021 1522 3094 considera
1576 3023 1903 3113 denique
1958 3044 2165 3092 sacra
2208 3019 2373 3114 ipsa
2419 3026 2493 3090 et
2536 3018 2701 3111 ipsa
2722 3027 2808 3096 22

526 3140 906 3234 mysteria:
965 3141 1308 3213 inuenies
1363 3142 1609 3214 exitus
1663 3142 1929 3230 tristeS,
1987 3138 2142 3212 fata
2196 3148 2271 3212 et
2324 3136 2590 3210 funera
2629 3146 2703 3210 et

524 3256 770 3331 luctus
805 3269 1034 3353 atque
1072 3261 1416 3355 planctus
1453 3263 1896 3334 miserorum
1922 3261 2255 3332 deorum.
2328 3282 2423 3331 en
2453 3259 2702 3353 aspice

526 3379 744 3452 Isidis
791 3405 1169 3454 sacrorum
1217 3384 1586 3456 ordinem:
1650 3383 1948 3454 sistrum
1993 3381 2230 3452 cietur
2266 3381 2359 3450 ad
2395 3379 2699 3452 inanem

529 3501 644 3572 sui
722 3501 1098 3596 Serapidis
1177 3505 1335 3576 siue
1411 3504 1646 3575 Osiris
1726 3501 2124 3575 tumulum.
2242 3500 2380 3571 Isis
2452 3500 2706 3594 perdi-

445 3653 500 3695 25
528 3630 688 3693 tum
753 3623 997 3695 filium
1051 3648 1220 3695 cum
1275 3622 1805 3720 Cynocephalo
1859 3647 1993 3696 suo
2049 3631 2127 3695 et
2180 3621 2415 3693 caluis
2468 3643 2705 3692 sacer-

532 3744 828 3816 dotibus
872 3743 1084 3840 luget
1125 3744 1419 3841 plangit
1461 3744 1795 3837 inquirit,
1855 3752 1931 3816 et
1971 3743 2195 3823 Isiaci
2240 3742 2493 3814 miseri
2537 3765 2705 3812 cae-

684 3987 718 4043 1
767 3993 836 4044 ut
869 3984 1194 4044 Maur-sius:
1231 3993 1292 4043 et
1320 3985 1369 4042 P
1400 3980 1425 4064 ΙΙ
1459 3987 1495 4043 2
1528 3986 1676 4043 iuua
1704 3987 1753 4043 P
1794 3980 1818 4064 ΙΙ
1862 3983 1899 4042 5
1946 3985 2109 4042 0111111
2139 3983 2412 4042 homines
2454 3997 2592 4040 nos:
2641 3982 2707 4039 in

531 4071 773 4129 homine
803 4072 852 4129 P
884 4069 909 4153 Η
941 4072 980 4131 8
1025 4079 1230 4148 potest
1263 4071 1588 4130 Wowerus:
1622 4080 1828 4148 posset
1856 4071 1905 4128 P
1936 4067 1962 4150 Η
1998 4071 2077 4129 15
2123 4077 2371 4146 possent
2403 4067 2702 4128 Gelenius:

530 4159 766 4232 possint
810 4159 859 4216 P
911 4155 938 4238 Η
994 4160 1070 4217 17
1129 4178 1264 4216 aera
1306 4158 1356 4215 P
1408 4153 1432 4236 Η
1489 4158 1568 4215 22
1626 4177 1701 4215 en
1746 4157 1947 4234 aspice
1982 4203 1994 4215 .
2025 4202 2038 4216 .
2068 4201 2081 4214 .
2117 4156 2420 4214 tumulum
2462 4171 2600 4214 nos:
2651 4164 2710 4213 et

532 4244 793 4320 despicis
826 4290 838 4302 .
872 4291 884 4304 .
915 4289 928 4303 .
976 4244 1050 4320 cf.
1079 4263 1142 4321 p.
1179 4244 1281 4321 37,
1309 4243 1390 4303 23
1439 4240 1463 4324 Η
1520 4245 1600 4302 25
1647 4245 1987 4318 cynecefalo
2034 4243 2083 4300 P
2128 4247 2277 4318 etp.
2314 4242 2417 4321 40,
2454 4241 2491 4300 3
2524 4238 2549 4322 Η
