3309 5192
1508 510 1927 584 -72ss

620 723 1043 796 intentione
1126 721 1661 815 quaesiuerunt
1740 743 1881 792 nec
1947 719 2292 792 inuenire
2373 728 2803 813 potuerunt.

626 844 809 938 quid
852 845 1127 940 ingrati
1172 865 1446 932 sumuS,
1503 841 1689 934 quid
1732 841 1949 913 nobis
1993 841 2443 930 inuidemuS,
2500 841 2564 912 si
2606 843 2808 913 ueri-

624 974 736 1037 tas
775 965 1188 1037 diuinitatis
1230 962 1465 1036 nostri
1489 960 1848 1055 temporis
1876 969 2119 1034 aetate
2150 961 2553 1034 maturuit?
2604 959 2808 1034 frua-

623 1109 792 1158 mur
861 1087 1060 1157 bono
1127 1091 1380 1155 nostro
1447 1091 1522 1155 et
1583 1079 1923 1177 regulam
1985 1082 2170 1154 recti
2222 1083 2305 1153 in
2358 1083 2807 1155 sententiam

623 1214 1158 1299 temperemus:
1203 1204 1640 1277 cohibeatur
1677 1203 2125 1296 superstitio,
2162 1202 2510 1297 impietas
2547 1203 2804 1296 expie-
2833 1235 2859 1275 5

625 1335 768 1416 tur,
825 1350 1009 1398 uera
1061 1325 1328 1420 religio
1384 1325 1805 1396 reseretur.’

519 1454 611 1522 39
787 1446 979 1518 Cum
1042 1445 1404 1516 Octauius
1469 1453 1909 1538 perorasset,
1984 1443 2449 1538 aliquamdiu
2508 1468 2644 1516 nos
2710 1445 2804 1516 ad

625 1566 1008 1639 silentium
1062 1562 1464 1659 stupefacti
1514 1565 1844 1638 intentos
1896 1563 2153 1636 uultus
2202 1566 2670 1649 tenebamus;
2732 1573 2805 1637 et

625 1688 828 1780 quod
883 1687 976 1757 ad
1030 1709 1172 1775 me,
1243 1686 1454 1757 haesi
1507 1685 2025 1780 magnitudine
2080 1684 2589 1756 admirationis
2644 1685 2803 1757 eius

625 1807 880 1896 animi,
963 1806 1166 1898 quod
1235 1829 1342 1895 ea,
1429 1829 1620 1898 quae
1689 1802 1987 1877 facilius
2058 1813 2169 1877 est
2238 1806 2514 1878 sentire
2577 1830 2805 1899 quam
2834 1839 2884 1882 ιο

628 1927 899 2016 dicere,
985 1935 1059 1998 et
1138 1926 1593 2022 argumentis
1678 1933 1753 1998 et
1828 1924 2193 2019 exemplis
2258 1934 2331 1998 et
2394 1926 2805 1999 lectionum

627 2047 1192 2120 auctoritatibus
1246 2049 1675 2119 adornasset
1730 2054 1804 2117 et
1857 2047 2060 2137 quod
2113 2044 2523 2118 maleuolos
2567 2047 2807 2119 isdem

625 2166 776 2240 illis
857 2168 1128 2261 quibus
1209 2176 1588 2241 armantur
1667 2165 2293 2260 philosophorum
2369 2166 2537 2238 telis
2610 2173 2805 2239 retu-

628 2288 872 2378 disset,
953 2288 1394 2361 ostendisset
1475 2287 1701 2359 etiam
1768 2287 2165 2359 ueritatem
2249 2311 2403 2358 non
2482 2295 2804 2361 tantum-

515 2416 613 2484 40
627 2410 849 2481 modo
904 2405 1207 2482 facilem
1261 2409 1390 2480 sed
1447 2415 1522 2479 et
1574 2404 2093 2479 fauorabilem.
2176 2407 2354 2502 dum
2399 2407 2630 2480 istaec
2665 2409 2807 2504 igi-
2833 2445 2884 2486 15

623 2537 747 2601 tur
793 2531 996 2622 apud
1040 2553 1162 2600 me
1207 2529 1476 2602 tacitus
1523 2525 1823 2616 euolu0,
1879 2526 2251 2600 Caecilius
2299 2529 2577 2623 erupit:
2642 2530 2804 2624 ‘ego

625 2642 945 2722 Octauio
993 2671 1161 2720 meo
1214 2647 1624 2742 plurimum
1668 2656 2053 2739 quantum,
2112 2650 2241 2720 sed
2290 2657 2367 2720 et
2410 2650 2598 2720 mihi
2640 2673 2808 2745 gra-

624 2768 824 2840 tulor
874 2793 1016 2841 nec
1063 2777 1379 2862 expecto
1435 2767 1905 2839 sententiam.
1996 2768 2242 2841 uictus
2279 2792 2464 2858 sum,
2525 2771 2655 2840 sed
2700 2771 2805 2842 ita
2867 2829 2874 2836 .

622 2891 708 2961 ut
743 2888 934 2960 mihi
983 2889 1216 2982 probe
1252 2911 1609 2982 usurpem
1644 2888 2062 2960 uictoriam.
2154 2912 2331 2960 nam
2367 2896 2451 2960 ut
2487 2888 2619 2961 ille
2656 2891 2805 2961 mei

551 3035 586 3090 2
623 3009 867 3082 uictor
904 3017 1034 3100 est,
1075 3009 1181 3081 ita
1218 3032 1357 3104 ego
1397 3008 1900 3103 triumphator
1938 3009 2227 3081 erroris.
2308 3009 2564 3102 itaque
2603 3011 2804 3104 quod
2834 3048 2887 3089 20

622 3129 953 3224 pertinet
996 3131 1091 3201 ad
1139 3154 1504 3202 summam
1545 3129 2025 3224 quaestioniS,
2086 3138 2161 3202 et
2198 3132 2290 3202 de
2327 3130 2805 3224 prouidentia

623 3247 866 3323 fateor
904 3259 980 3323 et
1034 3253 1138 3323 de·
1170 3275 1324 3323 uno
1363 3251 1701 3323 omnium
1755 3274 2087 3343 ueroque
2146 3252 2286 3322 deo
2344 3253 2673 3324 concedo
2732 3260 2805 3322 et

677 3484 680 3488 ·
777 3458 813 3514 2
859 3456 1204 3516 inuidemur
1247 3460 1295 3515 P
1336 3451 1361 3535 ΙΙ
1402 3458 1443 3514 4
1486 3457 1758 3534 regulam
1802 3457 1951 3515 recti
1982 3458 2047 3514 in
2090 3475 2229 3516 ‘nost
2277 3458 2429 3516 recti
2459 3460 2507 3515 P
2548 3454 2574 3536 ΙΙ
2623 3457 2661 3515 6
2707 3478 2803 3516 re·

622 3549 854 3602 seretur
911 3542 1318 3602 Dreehslems:
1386 3551 1727 3602 reseruetur
1770 3546 1819 3601 P
1880 3540 1905 3621 ΙΙ
1965 3544 1999 3601 ’7
2066 3544 2420 3619 aliquandiu
2474 3545 2523 3602 P
2578 3561 2726 3602 corr.
2786 3537 2805 3625 Η

622 3630 660 3689 9
708 3628 877 3688 haesi
918 3645 1056 3688 nos:
1107 3638 1198 3689 est
1239 3633 1288 3689 P
1319 3627 1345 3707 ΙΙ
1378 3629 1509 3689 eius
1539 3630 1728 3688 animi
1768 3647 1904 3689 nos:
1942 3631 2161 3689 euanui
2189 3633 2238 3688 P
2278 3626 2303 3708 Η
2354 3632 2432 3688 12
2480 3629 2803 3690 maleuolis

621 3717 669 3772 P
713 3733 796 3774 m.
829 3716 880 3774 1.
915 3711 941 3794 ΙΙ
988 3715 1068 3774 13
1114 3715 1411 3775 retudisse
1455 3719 1504 3776 P
1544 3712 1570 3796 ΙΙ
1616 3716 1695 3774 15
1740 3716 2135 3775 faborabilem
2180 3719 2228 3774 P
2270 3712 2295 3794 ss
2338 3717 2455 3776 iste
2500 3716 2648 3775 haec
2692 3719 2740 3774 P
2784 3709 2805 3797 Η

625 3802 702 3859 17
748 3807 884 3878 post
912 3804 1202 3876 quantum
1247 3801 1517 3878 leywntur
1543 3802 1613 3862 in
1656 3805 1734 3861 P:
1782 3804 1992 3862 eadem
2021 3803 2461 3878 tranquillitate
2495 3824 2613 3878 qua
2640 3803 2803 3860 uiui-

621 3906 772 3965 mus,
831 3905 982 3964 quae
1025 3905 1093 3946 aa
1137 3906 1183 3948 c.
1220 3889 1322 3967 38,
1356 3889 1398 3947 4
1443 3888 1681 3965 repetita
1724 3905 1844 3947 esse
1874 3889 2121 3966 primus
2163 3889 2440 3964 coqnouit
2488 3888 2743 3948 Ursmus
2784 3882 2805 3970 Η

627 3973 708 4032 18
751 3974 952 4034 uictus
983 3994 1134 4052 sum,
1184 3977 1290 4035 sed
1320 3975 1424 4054 ita,
1471 3982 1542 4035 ut
1570 3975 1726 4034 mihi
1754 3977 1941 4051 probe
1971 3996 2259 4052 usurpem
2296 3975 2617 4034 uictoriam
2658 3992 2799 4033 nos:

617 4059 878 4120 uicimus
937 4068 998 4120 et
1048 4060 1135 4120 ita
1178 4071 1248 4122 ut
1291 4062 1562 4139 improbe
1619 4081 1847 4138 usurpo
1891 4062 2210 4122 uictoriam
2254 4065 2302 4120 P
2342 4058 2368 4141 ΙΙ
2410 4063 2490 4120 21
2539 4062 2804 4139 pertinet

632 4144 916 4206 Ursinus:
975 4147 1272 4226 pertineat
1316 4151 1364 4206 P
1406 4144 1431 4228 Η
1476 4149 1557 4206 22
1618 4149 1692 4206 de
1745 4168 1867 4206 uno
1914 4148 2184 4208 omnium
2227 4168 2496 4223 ueroque
2550 4165 2662 4207 nos
2704 4146 2803 4205 in-

617 4232 920 4292 seruimus
949 4230 976 4312 ΙΙ
1009 4237 1270 4294 concedo
1315 4251 1453 4294 nos:
1503 4236 1648 4294 cedo
1694 4237 1743 4292 P
1775 4232 1801 4312 ΙΙ
