3309 5192
1321 563 1737 638 -51-

443 782 554 844 tes
591 773 816 845 etiam
862 774 1299 867 corporibus
1338 773 1628 847 occulte
1665 783 1751 847 ut
1786 775 2091 868 spiritus
2126 786 2388 850 tenues
2426 800 2622 850 mor-

442 894 576 965 bos
641 893 956 988 fingunt,
1027 903 1310 966 terrent
1362 903 1672 985 menteS,
1742 897 2077 967 membra
2131 897 2619 990 distorquent,

444 1024 530 1086 ut
580 1015 674 1085 ad
744 1013 1032 1087 cultum
1085 1015 1201 1086 sui
1267 1023 1557 1111 cogant,
1629 1024 1716 1088 ut
1775 1016 2038 1088 nidore
2094 1016 2442 1090 altarium
2494 1018 2625 1091 uel

444 1134 704 1207 hostiis
751 1136 1155 1228 pecudum'
1177 1135 1517 1230 saginati,
1575 1137 1897 1208 remissis
1936 1160 2129 1229 quae
2167 1139 2625 1210 constrinxe-

391 1284 418 1324 5
445 1263 634 1346 rant,
675 1279 970 1326 curasse
1005 1254 1428 1329 uideantur.
1510 1257 1687 1329 hinc
1726 1265 1898 1329 sunt
1934 1267 2009 1330 et
2042 1255 2396 1349 furentes,
2439 1284 2625 1352 quos
2661 1283 2697 1336 3

445 1377 525 1446 in
581 1375 971 1469 publicum
1016 1377 1286 1448 uidetis
1325 1400 1747 1468 excurrere,
1805 1387 2153 1451 manante
2208 1379 2494 1452 scilicet
2531 1404 2627 1452 ex

445 1497 626 1590 ipsis
661 1497 890 1587 rabie,
944 1520 1095 1589 qua
1129 1499 1476 1591 temptati
1511 1499 1616 1570 sic
1653 1499 2057 1588 insaniunt,
2116 1500 2221 1570 sic
2258 1501 2626 1573 bacchan-

446 1625 588 1708 tur,
621 1618 726 1688 sic
752 1625 1121 1690 rotantur:
1162 1641 1300 1711 par
1337 1619 1516 1690 etin
1551 1618 1704 1690 illis
1739 1619 2122 1714 instigatio
2154 1621 2621 1711 daemonum,

448 1739 577 1810 sed
624 1746 1145 1833 argumentum
1186 1739 1435 1832 dispar
1470 1737 1761 1811 furoris.
1861 1740 1952 1810 de
1988 1740 2171 1833 ipsis
2208 1742 2433 1814 etiam
2467 1742 2622 1832 illa,
2663 1763 2698 1814 4

369 1889 422 1930 ιο
451 1881 644 1950 quae
698 1859 927 1952 paulo
983 1869 1154 1930 ante
1207 1860 1348 1931 tibi
1403 1861 1600 1938 dicta
1643 1868 1836 1950 sunt,
1894 1868 1979 1932 ut
2019 1860 2366 1956 Iuppiter
2410 1862 2627 1936 ludos

450 1989 826 2073 repeteret
880 2003 976 2051 ex
1029 1981 1340 2069 somnio,
1399 1989 1483 2052 ut
1536 2005 1707 2052 cum
1763 1981 1973 2074 equis
2022 1981 2363 2055 Castores
2416 1984 2627 2055 uide-

449 2109 729 2190 rentur,
785 2108 871 2172 ut
917 2098 1304 2195 cingulum
1349 2111 1735 2173 matronae
1780 2102 2130 2182 nauicula
2167 2113 2625 2195 sequeretur.

449 2221 637 2292 haec
675 2221 926 2292 omnia
959 2222 1206 2292 sciunt
1250 2219 1609 2314 pleraque
1647 2245 1818 2315 pars
1854 2231 2187 2294 uestrum
2222 2224 2422 2317 ipsos
2461 2226 2629 2296 dae·
2664 2249 2701 2302 5

449 2364 708 2413 monas
771 2344 861 2413 de
926 2349 1162 2414 semet
1233 2343 1591 2432 confiteri,
1680 2345 2024 2435 quotiens
2088 2368 2131 2414 a
2196 2345 2411 2415 nobis
2482 2353 2629 2415 tor-

321 2541 324 2546 ,
371 2494 422 2532 15
451 2462 721 2534 mentis
774 2464 1178 2534 uerborum
1229 2472 1304 2534 et
1355 2465 1707 2535 orationis
1752 2464 2117 2535 incendiis
2169 2466 2258 2536 de
2297 2466 2631 2558 corpori-

450 2583 588 2654 bus
625 2584 1051 2677 exiguntur.
1132 2583 1294 2677 ipse
1332 2583 1693 2655 Saturnus
1732 2592 1807 2656 et
1844 2584 2139 2678 Serapis
2177 2593 2253 2656 et
2287 2586 2631 2679 Iuppiter
2666 2613 2701 2664 6

453 2712 527 2775 et
597 2705 956 2796 quicquid
1018 2705 1468 2776 daemonum
1539 2704 1782 2776 colitis
1855 2705 2038 2776 uicti
2102 2705 2357 2778 dolore
2427 2708 2629 2799 quod

453 2834 625 2897 sunt
687 2823 1180 2917 eloquuntur;
1247 2848 1389 2896 nec
1440 2827 1701 2918 utique
1755 2826 1836 2896 in
1890 2827 2432 2919 turpitudinem
2489 2829 2625 2918 sui,

451 2943 834 3017 nonnullis
899 2946 1338 3040 praesertim
1391 2954 1726 3018 uestrum
1788 2947 2335 3038 adsistentibuS,
2420 2971 2631 3019 men-

371 3095 425 3137 20
452 3067 760 3138 tiuntur.
851 3067 1031 3159 ipsis
1084 3067 1419 3156 testibus,
1477 3089 1636 3138 esse
1696 3089 1821 3137 eos
1872 3067 2293 3157 daemonas,
2352 3069 2629 3139 credite
2668 3092 2701 3146 7

453 3184 696 3270 fassis;
773 3188 1092 3258 adiurati
1166 3188 1366 3259 enim
1427 3211 1567 3280 per
1629 3186 1849 3257 deum
1922 3211 2188 3258 uerum
2254 3195 2329 3259 et
2390 3186 2631 3258 solum

451 3307 674 3379 inuiti
710 3308 994 3379 miseris
1035 3309 1468 3402 corporibus
1503 3306 2027 3378 inhorrescunt
2055 3316 2129 3379 et
2154 3306 2283 3378 uel
2312 3306 2632 3378 exiliunt

454 3429 703 3500 statim
729 3427 858 3499 uel
887 3437 1347 3501 euanescunt
1374 3428 1762 3523 gradatim,
1818 3435 2043 3520 prout
2066 3427 2249 3498 fides
2278 3427 2631 3520 patientis

456 3549 762 3621 adiuuat
801 3557 930 3620 aut
963 3549 1201 3644 gratia
1238 3549 1565 3621 curantis
1593 3549 1944 3642 adspirat.
2027 3548 2131 3619 sic
2172 3546 2631 3619 Christianos

612 3772 648 3830 3
696 3773 974 3831 alterium
1002 3775 1104 3832 uel
1133 3773 1327 3832 hostis
1358 3774 1408 3832 1.
1441 3792 1524 3831 m.
1570 3773 1619 3830 P
1650 3770 1677 3851 ΙΙ
1720 3774 1760 3832 4
1804 3771 2093 3847 remissis,
2139 3788 2289 3828 corr.
2323 3768 2394 3828 in
2421 3770 2634 3828 remis-

458 3858 585 3917 sius
614 3877 696 3918 m.
731 3859 774 3917 2
803 3859 852 3916 Ρ
883 3858 908 3938 ΙΙ
951 3858 988 3916 5
1021 3861 1160 3918 hinc
1188 3867 1327 3918 sunt
1355 3858 1681 3918 Daui-sius:
1700 3845 1781 3917 ‘hi
1811 3867 1951 3917 sunt
1979 3858 2028 3915 P
2071 3855 2097 3936 ΙΙ
2139 3857 2176 3915 6
2209 3863 2487 3914 manante
2518 3855 2635 3914 sci—

458 3945 605 4004 licet
633 3966 707 4004 ex
739 3945 894 4022 ipsis
915 3947 1099 4023 rabie,
1136 3967 1253 4020 qua
1270 3947 1550 4022 temptati
1570 3961 1709 4004 nos:
1735 3953 1907 4004 uates
1930 3952 1991 4003 et
2013 3945 2133 4021 ipsi
2160 3943 2384 4016 absque
2404 3943 2633 4017 templo

459 4031 508 4088 P
551 4027 577 4111 Η
619 4032 657 4090 8
704 4033 1062 4091 daemonum
1120 4047 1265 4092 nos:
1321 4033 1629 4092 daemonis
1675 4033 1723 4090 P
1762 4030 1788 4109 ΙΙ
1842 4031 1920 4090 13
1967 4033 2253 4106 pleraque
2297 4027 2632 4086 Daui-sius:

460 4118 737 4193 plerique
767 4119 816 4177 P
849 4115 874 4198 ΙΙ
905 4120 1041 4196 ipso
1073 4115 1223 4198 (—sos
1253 4137 1334 4177 m.
1371 4115 1453 4198 2.)
1499 4121 1555 4176 d.
1591 4120 1665 4176 de
1696 4127 1883 4177 semet
1912 4119 2079 4193 ipsos
2112 4115 2244 4194 (-sis
2272 4133 2355 4173 m.
2395 4112 2479 4192 2.)
2525 4114 2573 4171 Ρ
2616 4107 2638 4196 ΙΙ

465 4206 543 4263 21
591 4205 766 4264 fassis
811 4221 1182 4281 wnonymus:
1238 4205 1415 4264 fessis
1460 4205 1509 4262 P
1553 4223 1635 4263 m.
1683 4206 1758 4280 1.,
1819 4205 1919 4264 cui
1960 4221 2126 4262 eraso
2180 4203 2253 4260 de
2307 4221 2369 4260 se
2422 4221 2635 4260 uerum

465 4291 887 4351 confitentibus
917 4310 1211 4369 suprascr.
1245 4311 1325 4351 m.
1362 4292 1422 4351 2.
1468 4289 1490 4370 Η
1537 4292 1615 4348 22
1664 4291 1901 4350 miseris
1943 4289 2248 4350 Gelenius:
2297 4289 2504 4347 miseri
2533 4288 2581 4345 P
2617 4280 2638 4368 Η

2257 4404 2323 4457 4*
