3309 5192
1352 555 1719 628 ...7,-

444 767 696 840 nescio
752 767 936 860 quid
995 762 1216 838 uultu
1284 761 1679 837 fatebatur.
1782 766 1907 837 cui
1962 789 2132 860 ego:
2216 764 2421 860 ‘quid
2474 765 2619 837 hoc
2656 779 2693 831 2

447 896 557 961 est
590 887 749 960 rei‘?
805 912 938 959 cur
971 909 1126 958 non
1161 907 1508 980 agnosce,
1551 883 1858 974 Caecili,
1916 885 2379 959 alacritatem
2413 894 2619 960 tuam

442 1007 658 1080 illam
696 1015 771 1079 et
805 1005 1016 1077 illam
1055 1004 1446 1077 oculorum
1474 1005 1701 1076 etiam
1736 1005 1819 1077 in
1855 1005 2065 1078 seriis
2098 1004 2555 1078 hilaritatem
2567 1008 2619 1076 ‘2’

445 1137 604 1202 tum
658 1125 820 1198 ille:
886 1125 1056 1196 ‘iam
1113 1125 1394 1196 dudum
1429 1149 1549 1197 me
1589 1125 1865 1198 Octaui
1900 1125 2138 1198 nostri
2183 1125 2453 1197 acriter
2487 1149 2618 1196 an-
2654 1140 2688 1192 3

393 1275 419 1312 ⁵
447 1247 557 1342 git
611 1254 686 1319 et
735 1248 1112 1318 remordet
1165 1247 1424 1335 orati0,
1493 1270 1641 1339 qua
1708 1246 1791 1318 in
1842 1253 1917 1318 te
1971 1246 2317 1319 inuectus
2372 1245 2619 1316 obiur-

445 1367 655 1462 gauit
719 1365 1261 1463 neglegentiae,
1333 1374 1418 1440 ut
1490 1390 1608 1437 me
1685 1365 2245 1439 dissimulantur
2316 1366 2618 1462 grauius

445 1494 789 1584 argueret
822 1485 1282 1560 inscientiae.
1375 1487 1630 1580 itaque
1686 1486 1876 1558 mihi
1912 1510 2084 1559 cum
2122 1487 2443 1559 Octauio
2499 1509 2615 1558 res
2652 1499 2684 1550 4

443 1617 572 1681 est.
667 1607 729 1678 si
783 1606 1030 1700 placet
1082 1607 1251 1701 ipsi,
1310 1615 1394 1680 ut
1429 1606 1739 1680 alterius
1777 1609 1868 1679 de
1917 1614 2226 1699 totoque
2279 1607 2615 1703 integrae

439 1737 685 1801 sectae
749 1728 976 1800 homo
1033 1752 1204 1800 cum
1273 1751 1363 1799 eo
1420 1727 1814 1821 disputem,
1882 1728 2033 1798 iam
2106 1725 2444 1821 profecto
2497 1727 2615 1799 in-

359 1877 410 1918 10
437 1848 746 1944 telleget
815 1846 1111 1920 facilius
1167 1871 1326 1920 esse
1390 1849 1506 1920 sui
1559 1847 2115 1921 contubernalis
2181 1849 2611 1943 despectare

436 1993 664 2062 quam
720 1991 1111 2042 conserere
1148 1969 1625 2062 sapientiam3
1683 1971 1903 2041 modo
1941 1969 2022 2041 in
2075 1969 2232 2041 istis
2286 1971 2382 2040 ad
2415 1979 2609 2043 tute-
2646 1983 2681 2035 5

434 2089 589 2160 lam
641 2089 1083 2161 balnearum
1151 2089 1364 2163 iactis
1432 2098 1507 2162 et
1569 2089 1650 2162 in
1713 2089 1948 2162 altum
2001 2090 2610 2184 procurrentibus

438 2217 823 2303 petrarum
877 2210 1217 2282 obicibus
1253 2211 1685 2300 residamus,
1743 2218 1828 2283 ut
1880 2218 1957 2282 et
1995 2211 2469 2305 requiescere
2516 2214 2609 2284 de

437 2330 710 2413 itinere
773 2330 1139 2424 possimus
1204 2338 1278 2402 et
1343 2330 1704 2404 intentius
1778 2331 2204 2425 disputare.'
2298 2339 2374 2403 et
2410 2357 2611 2435 *cum
2648 2347 2683 2399 6

362 2477 411 2517 ω
441 2451 640 2522 dicto
696 2451 856 2523 eius
893 2450 1335 2540 adsedimuS,
1392 2451 1500 2522 ita
1552 2459 1637 2522 ut
1691 2475 1811 2523 me
1868 2474 1963 2522 ex
1999 2452 2233 2523 tribus
2280 2451 2612 2523 medium

435 2571 691 2644 lateris
727 2571 1134 2643 ambitione
1170 2579 1682 2666 protegerent;
1740 2595 1881 2644 nec
1934 2572 2080 2644 hoc
2118 2571 2432 2665 obsequi
2466 2569 2612 2644 fuit

436 2701 566 2765 aut
619 2691 898 2763 ordinis
937 2699 1066 2763 aut
1099 2691 1428 2782 honoriS,
1487 2692 1772 2786 quippe
1822 2716 1995 2766 cum
2030 2692 2360 2764 amicitia
2394 2716 2611 2787 pares

437 2835 730 2906 semper
784 2820 913 2885 aut
981 2812 1304 2906 accipiat
1357 2819 1486 2883 aut
1539 2809 1785 2902 faciat,
1856 2815 1987 2886 sed
2054 2820 2142 2885 ut
2202 2813 2480 2886 arbiter
2535 2822 2611 2886 et

435 2933 769 3026 utrisque
807 2933 1193 3027 proximus
1230 2957 1446 3005 aures
1485 2933 1739 3005 darem
1777 2942 1852 3006 et
1889 2934 2387 3027 disceptantes
2426 2937 2609 3006 duos

359 3077 411 3119 20
436 3054 727 3126 medius
782 3077 1272 3149 segregarem.

591 3174 784 3246 Tum
821 3174 926 3245 sic
965 3172 1337 3244 Caecilius
1384 3195 1691 3244 exorsus
1731 3180 1867 3244 est:
1929 3174 2405 3265 ‘quamquam
2442 3173 2601 3263 tibi,
2639 3175 2681 3242 5

435 3293 696 3366 Marce
735 3291 988 3381 frater,
1048 3293 1139 3363 de
1195 3315 1345 3384 quo
1403 3316 1572 3364 cum
1610 3292 1935 3362 maxime
1975 3293 2399 3383 quaerimus
2453 3315 2607 3365 non

435 3414 531 3487 sit
591 3414 1048 3509 ambiguum,
1124 3419 1386 3506 utpote
1458 3411 1624 3484 cum
1695 3410 2093 3506 diligenter
2151 3411 2234 3483 in
2286 3421 2605 3505 utroque

566 3672 603 3731 3
649 3672 1016 3731 hilaritatem
1058 3669 1482 3730 Hemnannus:
1531 3672 1900 3730 hilaritatem
1928 3670 2172 3746 requiro
2213 3673 2262 3730 P
2302 3667 2327 3749 ΙΙ
2370 3672 2407 3730 5
2456 3681 2515 3731 et
2556 3675 2605 3732 P

431 3757 504 3817 in
547 3757 734 3817 litura
804 3754 831 3838 ΙΙ
907 3760 942 3816 7
999 3759 1204 3834 itaque
1257 3758 1409 3816 mihi
1463 3779 1597 3817 cum
1645 3758 1901 3817 Octauio
1959 3778 2055 3816 res
2111 3766 2218 3817 est.
2298 3759 2353 3818 si
2406 3760 2605 3834 placet

429 3845 573 3923 ipsi,
618 3853 689 3904 ut
730 3844 974 3904 alterius
1019 3846 1092 3904 de
1136 3853 1387 3920 totoque
1432 3845 1701 3922 integrae
1746 3853 1941 3904 sectae
1986 3846 2167 3903 homo
2211 3862 2351 3904 nos:
2398 3846 2603 3920 itaque

430 3931 784 4009 progrediar
809 3933 1084 3990 ulterius.
1155 3932 1228 3990 de
1272 3939 1402 3991 toto
1433 3932 1669 4009 integro
1703 3927 1852 4009 (toto
1885 3940 1947 3990 et
1973 3931 2210 4008 integro
2240 3949 2321 3992 m.
2358 3929 2419 4006 2)
2452 3934 2605 3991 mihi

433 4037 570 4076 cum
616 4019 871 4078 Octauio
924 4039 1018 4078 res
1075 4027 1184 4077 est.
1267 4017 1322 4076 si
1376 4019 1574 4094 placet
1627 4026 1699 4077 ut
1753 4018 1948 4095 ipsius
2002 4027 2197 4077 sectae
2248 4020 2431 4076 homo
2484 4021 2533 4076 P
2586 4013 2605 4100 Η

435 4104 517 4164 10
571 4104 669 4163 sui
713 4105 1155 4164 contubernalis
1200 4105 1544 4180 despectare
1587 4119 1725 4163 nos:
1784 4105 1849 4162 in
1908 4105 2435 4164 contubernalibus
2479 4104 2605 4163 dis-

431 4198 643 4266 putare
689 4192 737 4249 P
778 4188 804 4269 ΙΙ
849 4190 928 4250 13
973 4183 1392 4266 θήῐθᾳιιίθεοετθ
1437 4193 1486 4248 Ρ
1531 4209 1703 4250 erasa
1742 4190 1931 4250 littera
1974 4211 2007 4248 a
2049 4187 2075 4269 ΙΙ
2120 4191 2197 4249 16
2247 4191 2525 4264 obsequii
2555 4193 2603 4250 P

431 4294 580 4336 corr.
614 4281 668 4336 et
708 4298 738 4335 ι·
769 4273 794 4357 Η
