3309 5192
1255 542 1716 617 .--35..-.

312 783 320 792 ·
420 780 596 827 nam
634 755 945 850 exponit
983 762 1057 826 et
1085 753 1407 826 disserit:
1448 776 1626 824 nam
1660 751 2106 848 rationalem
2141 763 2485 826 naturam
2522 760 2599 825 et

421 879 786 948 mundum
832 875 1230 963 interdum,
1287 872 1591 945 interim
1627 881 1705 944 et
1740 869 2047 945 fatalem
2081 874 2599 947 necessitatem

423 999 649 1068 deum
711 994 950 1066 credit
1010 994 1542 1086 Zenonemque
1607 992 2231 1086 interpretatione
2296 993 2601 1088 physio-

421 1116 669 1212 logica
720 1116 802 1185 in
855 1113 1194 1202 Hesiodi,
1261 1112 1579 1184 Homeri
1633 1113 2075 1207 Orpheique
2147 1114 2599 1184 carminibus

369 1270 394 1308 ⁵
421 1237 780 1306 imitatur.
868 1233 1284 1329 Babylonio
1352 1233 1578 1306 etiam
1639 1233 1968 1328 Diogeni
2030 1231 2425 1327 disciplina
2492 1241 2603 1306 θεῖ
2636 1246 2707 1300 12

423 1355 628 1427 Iouis
663 1364 961 1449 partum
999 1364 1074 1426 et
1110 1363 1352 1427 ortum
1379 1353 1780 1426 Mineruae
1810 1361 1886 1425 et
1910 1353 2057 1426 hoc
2093 1377 2329 1448 genus
2356 1362 2602 1426 cetera

422 1500 673 1547 rerum
697 1474 1067 1547 uocabula
1093 1498 1274 1565 esse,
1312 1497 1467 1545 non
1496 1475 1830 1546 deorum.
1888 1473 2307 1546 Socraticus
2335 1474 2593 1546 Xeno·
2636 1487 2705 1541 13

421 1596 628 1690 phon
682 1592 1002 1667 formam
1055 1595 1177 1667 dei
1237 1594 1404 1667 ueri
1464 1603 1693 1689 negat
1743 1593 1990 1667 uideri
2042 1617 2259 1688 posse
2308 1602 2384 1667 θῖ
2424 1595 2597 1665 ideo

420 1716 681 1808 quaeri
730 1739 886 1787 non
940 1725 1308 1810 oportere,
1363 1714 1677 1787 Ariston
1719 1713 2012 1786 Stoicus
2060 1715 2600 1809 comprehendi

343 1869 392 1911 ιο
419 1837 725 1908 omnino
769 1860 924 1908 non
968 1860 1223 1930 posse:
1283 1844 1606 1929 uterque
1639 1836 2107 1907 maiestatem
2143 1835 2266 1907 dei
2299 1833 2595 1908 intelle-

416 1956 642 2053 gendi
698 1957 1216 2050 desperatione
1272 1963 1685 2027 senserunt.
1775 1954 2077 2028 Platoni
2130 1956 2460 2049 apertior
2504 1955 2597 2027 de
2633 1969 2701 2024 14

419 2078 558 2150 deo
615 2085 691 2148 θῖ
742 2068 964 2149 rebus
1019 2077 1201 2170 ipsis
1257 2086 1332 2149 et
1375 2075 1805 2147 nominibus
1852 2076 2087 2148 oratio
2136 2084 2247 2148 est
2292 2082 2368 2147 et
2403 2099 2597 2168 quae

418 2207 575 2271 tota
642 2205 836 2270 esset
902 2196 1264 2286 caelestiS‚
1331 2195 1478 2268 nisi
1540 2195 2045 2288 persuasionis
2112 2195 2355 2268 ciuilis
2408 2220 2599 2268 non-

418 2342 832 2412 numquam
895 2317 1355 2389 admixtione
1411 2317 1893 2388 sordesceret.
1985 2316 2290 2389 Platoni
2342 2317 2596 2408 itaque

341 2472 392 2514 15
417 2439 500 2510 in
552 2439 860 2510 Timaeo
928 2438 1108 2509 deus
1177 2446 1289 2509 est
1346 2437 1584 2532 ipsius
1645 2438 1909 2510 mundi
1959 2461 2252 2532 parens,
2324 2433 2599 2508 artifex

419 2559 735 2648 animae,
777 2557 1214 2631 caelestium
1249 2567 1867 2651 terrenorumque
1904 2555 2331 2647 fabricator,
2371 2581 2598 2649 quem

420 2687 494 2751 et
537 2680 882 2752 inuenire
929 2676 1239 2751 difficile
1285 2703 1466 2773 prae
1513 2680 1747 2750 nimia
1793 2689 1868 2752 θῖ
1910 2678 2337 2751 incredibili
2382 2686 2596 2772 pote-

419 2808 606 2872 state
673 2807 766 2890 et,
849 2823 1021 2872 cum
1087 2799 1491 2891 inueneriS,
1563 2801 1645 2873 in
1714 2799 2105 2894 publicum
2174 2798 2421 2871 dicere
2484 2799 2596 2869 in-

420 2920 777 3014 possibile
856 2918 1260 3015 praefatur.
1367 2923 1628 2993 eadem
1699 2918 1857 2992 fere
1926 2928 2100 2992 sunt
2164 2920 2326 3010 ista,
2405 2944 2595 3013 quae
2632 2935 2703 2990 15

339 3072 392 3116 20
419 3048 670 3112 nostra
730 3049 934 3132 sunt3
999 3066 1176 3113 nam
1230 3050 1305 3113 et
1355 3041 1504 3136 ipsi
1556 3064 1693 3114 suo
1745 3041 2049 3112 nomine
2106 3041 2328 3111 deum
2383 3041 2596 3112 noui-

421 3185 584 3233 mus
666 3168 741 3234 et
805 3172 1195 3255 parentem
1257 3160 1593 3233 omnium
1657 3160 1973 3232 dicimus
2040 3169 2115 3233 et
2184 3184 2597 3253 numquam

418 3281 724 3375 publice
770 3281 916 3353 nisi
964 3281 1403 3376 interrogati
1447 3281 1988 3375 praedicamus,
2080 3281 2396 3375 exposui
2432 3281 2701 3376 opi-20

418 3401 682 3474 niones
728 3403 1064 3474 omnium
1106 3398 1344 3474 ferme
1390 3400 2018 3496 philosophorum
2052 3400 2589 3492 inlustriorum,

573 3574 610 3631 2
656 3572 959 3632 interdum
1010 3591 1124 3632 nos
1164 3573 1532 3634 &meruimus
1585 3571 1610 3653 Η
1666 3573 1703 3633 3
1748 3573 2167 3650 physiologica
2218 3572 2591 3633 Bur-siamus:

418 3653 860 3736 physollltsogiae
905 3662 954 3718 P
1008 3678 1153 3719 corr.
1201 3659 1274 3720 in
1323 3661 1709 3738 phylologiae
1764 3656 1789 3740 ΙΙ
1850 3659 1887 3718 5
1934 3660 2257 3737 disciplina
2310 3669 2404 3719 est
2452 3675 2591 3719 ‘no-s:

419 3746 740 3822 disciplina
769 3754 862 3805 est
891 3747 1230 3822 exponendi
1260 3754 1320 3805 et
1350 3747 1685 3806 disserendi
1729 3749 1778 3805 P
1824 3747 1898 3822 cf.
1920 3765 1987 3822 p.
2012 3746 2115 3825 34,
2143 3747 2220 3805 21
2256 3742 2283 3826 ΙΙ
2315 3747 2354 3805 6
2400 3755 2596 3806 cetera

418 3831 746 3908 Riyaltius:
793 3842 1123 3892 ceterarum
1153 3835 1201 3891 P
1245 3827 1270 3911 Η
1319 3835 1354 3892 ’7
1405 3834 1745 3892 Socraticus
1774 3849 1911 3891 nos:
1959 3853 2099 3892 nam
2130 3833 2468 3892 Socraticus
2498 3835 2545 3891 P
2576 3826 2597 3913 Η

420 3919 458 3978 9
504 3919 759 3977 Ariston
803 3919 1041 3978 Stoicus
1085 3919 1398 3980 Halmius:
1446 3920 1629 3978 aristo
1678 3921 1945 3978 stonicus
1989 3922 2037 3977 P
2069 3915 2096 4000 Η
2136 3919 2595 3996 compraehendi

417 4009 466 4063 P
514 4003 538 4084 ΙΙ
590 4005 671 4065 10
716 4006 1093 4082 magistatem
1137 4008 1186 4064 P
1226 4002 1251 4084 ΙΙ
1302 4005 1380 4064 15
1425 4007 1622 4082 ipsius
1652 4006 1864 4064 mundi
1906 4021 2053 4064 nos:
2097 4005 2234 4082 ipso
2267 4024 2374 4063 suo
2424 4001 2589 4082 (corr.

419 4109 488 4150 ex
529 4093 731 4168 ipsuo)
776 4093 1020 4150 nomine
1051 4093 1263 4152 mundi
1306 4096 1354 4150 P
1399 4093 1469 4168 cf.
1503 4111 1562 4151 u.
1601 4092 1684 4152 20
1726 4088 1751 4172 Η
1793 4093 1873 4151 18
1919 4093 2221 4165 inueneris
2251 4106 2308 4149 r:
2354 4091 2595 4148 inueni-

416 4179 504 4237 ris
534 4180 601 4254 P,
635 4195 782 4236 corr.
814 4195 897 4236 m.
935 4179 978 4236 2
1003 4178 1073 4238 in
1101 4179 1404 4238 inuenires
1437 4177 1460 4257 ΙΙ
1496 4179 1576 4238 19
1609 4188 1750 4237 sunt
1777 4177 2086 4236 Halmius:
2125 4187 2184 4237 et
2211 4180 2260 4236 P
2291 4173 2319 4255 ΙΙ
2359 4175 2442 4235 20
2472 4177 2594 4253 ipsi

419 4284 527 4324 suo
559 4265 804 4323 nomine
848 4282 961 4324 nos
987 4264 1354 4324 inseruimus
1399 4266 1471 4341 cf.
1504 4284 1565 4324 u.
1603 4265 1683 4324 15
1726 4261 1751 4344 Π
1799 4265 1880 4322 22
1927 4264 2176 4340 opiones
2215 4266 2263 4321 P
2304 4260 2329 4341 11
2374 4261 2453 4321 23
2500 4265 2593 4322 in·-

2214 4378 2281 4432 3*
