3309 5192
1531 509 1943 584 ,56-

645 728 850 791 ratae
901 726 1155 791 cruces
1202 728 1376 791 sunt
1425 729 1786 791 exornata
1834 727 2143 813 tropaea
2176 728 2425 792 uestra
2459 721 2822 811 uictricia,

650 847 846 931 quae
878 864 1030 912 non
1073 848 1364 913 tantum
1401 839 1761 933 simplicis
1813 841 2053 911 crucis
2096 837 2404 930 faciem,.
2447 865 2712 914 uerum
2750 853 2826 914 et

523 992 529 999 ·
577 979 613 1032 8
649 959 877 1030 adfixi
903 959 1226 1032 hominis
1255 959 1686 1032 imitantur?
1736 962 2031 1056 signum
2060 985 2237 1033 sane
2268 963 2506 1034 crucis
2524 972 2826 1036 natura-

645 1078 820 1151 liter
869 1081 1180 1151 uisimus
1200 1088 1208 1095 '
1232 1081 1314 1151 in
1367 1082 1568 1170 naui,
1627 1106 1799 1153 cum
1853 1081 2162 1176 erigitur
2195 1083 2457 1178 iugum
2503 1107 2823 1177 cumque

645 1200 835 1272 uelis
897 1200 1359 1273 tumentibus
1419 1200 1859 1273 uehiculum
1912 1201 2227 1288 labitur;
2298 1212 2371 1275 et
2431 1206 2671 1276 crucis
2728 1205 2825 1276 si-
2850 1231 2877 1272 ⁵

645 1345 876 1416 gnum
925 1330 1036 1394 est
1079 1323 1285 1411 item,
1343 1345 1510 1393 cum
1559 1321 1786 1393 homo
1823 1324 2185 1414 porrectis
2221 1324 2564 1397 manibus
2602 1327 2821 1398 deum

644 1451 1070 1514 ueneratur.
1160 1442 1267 1514 ita
1329 1442 1624 1536 signum
1680 1443 1920 1514 crucis
1975 1451 2105 1515 aut
2155 1445 2444 1516 ratione
2498 1446 2824 1518 naturali

541 1571 634 1638 30
647 1563 991 1635 innititur
1045 1571 1174 1635 aut
1226 1571 1474 1634 uestra
1526 1562 1891 1658 religione
1936 1561 2321 1636 formatur.
2411 1565 2629 1638 illum
2672 1567 2818 1638 iam

642 1682 873 1755 uelim
941 1684 1368 1772 conuenire,
1439 1685 1570 1776 qui
1633 1683 1919 1754 initiari
1979 1693 2115 1757 nos
2172 1671 2355 1758 dicit
2406 1698 2536 1761 aut
2589 1688 2827 1760 credit

646 1804 736 1874 de
811 1805 1038 1876 caede
1104 1801 1412 1876 infantis
1475 1814 1551 1877 et
1615 1805 2001 1900 sanguine.
2084 1813 2302 1899 putas
2364 1830 2581 1900 posse
2635 1807 2905 1896 fieri,1o

644 1932 728 1995 ut
772 1932 926 1995 tam
970 1923 1222 2014 molle,
1281 1932 1433 1996 tam
1477 1925 1883 2018 paruulum
1929 1950 2197 2021 corpus
2233 1923 2389 1998 fata
2422 1926 2826 2000 uulnerum

647 2045 938 2137 capiat‘?
989 2053 1075 2117 ut
1105 2045 1502 2138 quisquam
1526 2044 1745 2117 illum
1773 2047 2040 2117 rudem
2066 2048 2507 2142 sanguinem
2535 2048 2825 2120 nouelli

647 2172 719 2236 et
767 2166 1083 2237 uixdum
1126 2163 1451 2237 hominis
1501 2167 1727 2237 caede
1774 2162 2042 2238 fundat
2078 2174 2153 2238 et
2187 2167 2535 2239 hauriat?
2600 2193 2822 2240 nemo

576 2307 608 2359 2
645 2285 789 2357 hoc
825 2293 1076 2379 potest
1123 2287 1424 2358 credere
1462 2287 1607 2358 nisi
1645 2286 1775 2378 qui
1804 2288 2040 2380 possit
2074 2289 2372 2359 audere.
2456 2311 2593 2360 uos
2623 2289 2825 2360 enim

642 2407 866 2480 uideo
935 2409 1156 2479 modo
1210 2416 1640 2499 procreatos
1694 2406 1891 2478 filios
1943 2426 2145 2479 nunc
2200 2405 2376 2479 feris
2431 2417 2508 2480 et
2560 2411 2823 2481 auibus
2854 2435 2903 2477 1⁵

645 2551 1044 2621 exponere,
1103 2551 1304 2598 nunc
1359 2527 1628 2599 misero
1675 2529 1934 2599 mortis
1970 2552 2243 2623 genere
2284 2527 2592 2612 elidere;
2652 2538 2825 2602 sunt

645 2672 836 2740 quae
891 2649 971 2719 in
1024 2648 1206 2741 ipsis
1258 2648 1665 2718 uisceribus
1720 2648 2339 2720 medicaminibus
2394 2651 2635 2743 epotis
2683 2650 2825 2723 ori-

649 2767 901 2862 ginem
974 2764 1210 2839 futuri
1284 2767 1610 2845 hominis
1683 2770 2127 2864 extinguant
2195 2778 2272 2842 et
2339 2771 2824 2864 parricidium

577 2911 611 2964 3
649 2885 949 2976 faciant,
982 2896 1386 2979 antequam
1411 2888 1728 2981 pariant.
1788 2898 1862 2962 et
1886 2889 2075 2962 haec
2104 2892 2365 2984 utique
2394 2892 2483 2962 de
2515 2892 2824 2964 deorum

648 3017 1066 3098 uestrorum
1143 3007 1539 3101 disciplina
1617 3010 2099 3083 descendunt.
2216 3035 2392 3082 nam
2462 3011 2825 3085 Saturnus
2853 3040 2905 3083 20

644 3126 838 3200 filios
891 3152 1060 3199 suos
1113 3153 1267 3201 non
1322 3130 1692 3223 exposuit,
1750 3132 1880 3202 sed
1932 3132 2257 3217 uorauit;
2316 3132 2582 3204 merito
2630 3133 2701 3204 ei
2743 3133 2825 3205 in

800 3371 833 3426 1
883 3378 1164 3428 exornata
1205 3386 1344 3430 nos:
1393 3378 1454 3429 et
1499 3379 1739 3430 ornatae
1784 3371 1833 3428 P
1878 3367 1903 3450 Η
1953 3373 1988 3429 2
2039 3393 2189 3446 quae
2234 3391 2346 3432 nos
2389 3373 2761 3432 inseruimus
2802 3367 2821 3455 ΙΙ

643 3457 684 3514 4
739 3476 875 3514 cum
933 3456 1187 3532 erigitur
1237 3457 1450 3534 iugum
1508 3477 1764 3532 cumque
1821 3458 1980 3516 uelis
2038 3460 2414 3518 tumentibus
2470 3460 2822 3520 uehiculum

641 3542 890 3614 labitur;
938 3551 999 3602 et
1029 3543 1223 3602 crucis
1255 3543 1496 3618 signum
1526 3552 1617 3603 est
1645 3544 1811 3620 item,
1863 3563 1999 3602 cum
2042 3562 2181 3603 nos:
2232 3565 2367 3604 cum
2396 3545 2554 3605 uelis
2585 3555 2822 3606 tumen-

642 3629 805 3687 tibus
850 3630 1114 3708 uehitur,
1171 3649 1307 3687 cum
1351 3630 1630 3706 expansis
1675 3630 1963 3707 palmulis
2007 3631 2233 3690 labitur
2279 3639 2339 3690 et
2384 3652 2521 3690 cum
2568 3633 2821 3710 erigitur

640 3715 852 3790 iugum
883 3715 1074 3774 crucis
1105 3715 1344 3791 signum
1375 3723 1467 3774 est
1498 3723 1558 3774 et
1590 3736 1725 3774 cum
1755 3715 1804 3773 P
1844 3713 1870 3794 ΙΙ
1918 3716 1955 3775 6
2002 3717 2183 3775 deum
2211 3739 2362 3794 pura
2391 3726 2592 3777 mente
2634 3741 2821 3778 uene-

638 3809 803 3859 ratur
843 3802 892 3859 P
935 3801 1008 3876 cf.
1030 3820 1096 3877 p.
1136 3801 1236 3878 55,
1274 3802 1348 3859 17
1397 3797 1424 3882 Η
1471 3803 1506 3859 ’7
1556 3803 1797 3879 signum
1838 3819 1975 3862 nos:
2024 3804 2199 3880 signo
2244 3805 2298 3862 P
2326 3801 2351 3884 Η
2381 3805 2615 3864 ratione
2644 3812 2821 3864 natu-

639 3887 754 3945 rali
773 3905 909 3947 nos:
945 3889 1094 3946 ratio
1117 3888 1408 3946 naturalis
1437 3888 1487 3945 P
1518 3882 1544 3966 H
1576 3888 1617 3946 8
1645 3889 1941 3966 religione
1972 3907 2109 3948 nos:
2142 3891 2361 3968 religio
2386 3891 2435 3948 P
2467 3887 2493 3971 ΙΙ
2528 3891 2607 3950 13
2641 3893 2818 3951 caede

637 3974 848 4032 fundat
894 3983 954 4033 et
996 3973 1231 4032 hauriat
1271 3991 1409 4033 nos:
1473 3977 1679 4033 caedat
1722 3977 1933 4034 fundat
1978 3977 2247 4036 exauriat
2290 3978 2338 4035 P
2390 3975 2417 4053 ΙΙ
2475 3979 2555 4036 14
2600 3979 2817 4037 audere

649 4057 952 4120 Gelenius:
1009 4061 1214 4118 audire
1259 4061 1307 4118 P
1347 4056 1374 4141 Η
1417 4061 1496 4119 15
1558 4062 1737 4120 modo
1786 4061 2015 4121 addidit
2054 4058 2349 4122 Heinsius
2390 4061 2417 4143 ΙΙ
2463 4065 2543 4124 16
2597 4065 2815 4123 misero

637 4162 773 4205 nos:
823 4148 1301 4224 adstrangulatos
1330 4147 1548 4206 misero
1581 4148 1630 4205 P
1671 4145 1695 4227 Η
1740 4149 1817 4207 17
1866 4150 2062 4225 epotis
2092 4165 2150 4208 r:
2187 4159 2247 4209 et
2275 4152 2440 4226 potis
2470 4151 2519 4208 P
2560 4147 2585 4230 ΙΙ
2630 4153 2709 4209 21
2758 4153 2816 4209 ei

649 4230 946 4292 Gelenius:
999 4242 1058 4291 et
1102 4234 1151 4291 P
1181 4230 1206 4312 Η
