3309 5192
1569 564 1985 638 —24-

692 775 990 868 decepti
1043 772 1342 869 culpam
1394 773 1658 846 iudicii
1714 771 2175 847 transferunt
2228 775 2324 846 ad
2366 774 2638 847 incerti
2680 798 2820 868 qut.

691 894 979 986 renam,
1035 903 1123 968 ut
1175 894 1541 968 damnatis
1596 895 1942 967 omnibus
1985 894 2255 968 malint
2302 895 2655 968 uniuersa
2708 919 2867 968 sus-

621 1037 658 1092 6
691 1018 1022 1110 pendere
1077 1039 1304 1109 quam
1350 1015 1442 1087 de
1487 1012 1887 1087 fallacibus
1931 1015 2288 1088 iudicare.
2380 1015 2611 1112 igitur
2646 1016 2865 1089 nobis

691 1137 1244 1230 prouidendum
1289 1142 1419 1225 est,
1471 1159 1568 1207 ne
1607 1132 2027 1208 diffidentia
2064 1159 2493 1209 sermonum
2530 1135 2867 1208 omnium

689 1257 1145 1342 laboremus;
1195 1255 1304 1328 ita
1345 1265 1433 1328 ut
1477 1256 1559 1328 in
1606 1256 2164 1329 execrationem
2212 1263 2288 1329 et
2331 1256 2588 1329 odium
2622 1256 2867 1329 homi-
2894 1286 2919 1326 ε

689 1401 875 1450 num
925 1377 1271 1471 plerique
1321 1375 1817 1470 simpliciores
1865 1377 2290 1467 efferantur,
2346 1401 2522 1450 nam
2566 1378 2867 1450 incaute

693 1497 982 1570 creduli
1026 1497 1721 1570 circumueniuntur
1764 1498 1859 1569 ab
1906 1497 1999 1568 iis
2044 1521 2231 1591 quos
2282 1499 2514 1570 bonos
2549 1507 2869 1591 putaue-

690 1627 886 1708 runt,
945 1641 1123 1690 mox
1177 1640 1428 1689 errore
1483 1617 1856 1690 consimili
1908 1617 2058 1689 iam
2112 1617 2475 1711 suspectis
2522 1617 2868 1691 omnibus

691 1748 777 1811 ut
840 1740 1222 1832 improbos
1285 1745 1632 1810 metuunt
1693 1738 1919 1810 etiam
1973 1760 2161 1830 quos
2216 1737 2539 1832 optimos
2593 1739 2867 1812 sentire

625 1882 658 1934 ’7
695 1867 1123 1952 potuerunt.
1177 1882 1313 1930 nos
1330 1858 1648 1952 proinde
1670 1857 1997 1947 solliciti,
2023 1860 2224 1951 quod
2255 1858 2631 1953 utrimque
2662 1860 2868 1931 omni
2898 1888 2948 1930 ιο

695 1981 1000 2076 negotio
1073 1980 1474 2051 disseratur
1536 1988 1612 2051 et
1674 2003 1771 2052 ex
1838 1977 2073 2052 altera
2136 1987 2349 2074 parte
2421 1979 2868 2073 plerumque

698 2101 1014 2173 obscura
1049 2101 1143 2174 sit
1176 2100 1454 2173 ueritas
1489 2100 1829 2172 ubertate
1870 2099 2188 2190 dicendi,
2239 2123 2336 2184 ex
2371 2099 2606 2171 altera
2639 2099 2871 2172 lateat

695 2221 886 2292 mira
929 2220 1322 2312 subtilitas,
1381 2243 1575 2314 quae
1620 2244 2187 2313 nonnumquam
2220 2220 2448 2292 fidem
2485 2218 2868 2292 confessae

694 2341 1160 2435 probationis
1193 2341 1550 2430 imitetur,
1593 2341 1994 2436 diligenter
2034 2348 2401 2433 quantum
2438 2349 2686 2434 potest
2717 2339 2870 2412 sin-

693 2461 872 2558 gula
922 2462 1446 2557 ponderemus,
1517 2468 1603 2532 ut
1653 2461 1979 2556 argutias
2034 2461 2341 2553 quidem
2393 2458 2723 2549 laudare,
2781 2484 2871 2532 ea
2897 2491 2950 2532 ιο

693 2605 876 2654 uero
951 2605 1144 2675 quae
1206 2588 1411 2653 recta
1473 2590 1646 2653 sunt
1702 2580 2005 2676 eligere,
2080 2582 2425 2674 probare,
2492 2581 2868 2674 suscipere

692 2697 1104 2794 possimus?

594 2829 709 2916 15,
855 2821 1215 2894 ‘Decedis'
1280 2820 1530 2914 inquit
1585 2821 1957 2894 Caecilius
2025 2817 2296 2893 ‘officio
2359 2820 2628 2894 iudicis
2694 2820 2872 2893 reli-

695 2941 912 3038 giosi3
968 2966 1144 3013 nam
1196 2941 1697 3036 periniurium
1753 2951 1862 3014 est
1914 2942 2113 3014 uires
2166 2949 2241 3013 te
2296 2941 2609 3014 actionis
2660 2966 2868 3016 meae

693 3063 1147 3159 intergressu
1172 3061 1653 3158 grauissimae
1682 3061 2205 3156 disputationis
2222 3059 2658 3159 infringere,
2700 3087 2869 3135 cum
2897 3093 2949 3136 πο

695 3184 1059 3256 Octauius
1085 3185 1379 3279 integra
1408 3191 1481 3256 et
1504 3182 1825 3256 inlibata
1850 3183 2128 3255 habeat
2154 3183 2469 3279 singula,
2510 3183 2575 3254 si
2598 3191 2866 3277 potest,

623 3324 657 3378 2
693 3301 1064 3377 refutare?
1122 3304 1221 3375 ‘id
1249 3306 1453 3397 quod
1472 3304 1933 3393 criminaris,’
1958 3304 2290 3397 inquam,
2326 3304 2427 3375 ‘in
2449 3327 2865 3391 commune,

692 3424 838 3497 nisi
872 3422 1118 3514 fallor,
1171 3425 1676 3519 conpendium
1711 3423 2015 3519 protuli,
2056 3431 2143 3496 ut
2178 3423 2525 3497 examine
2561 3447 2873 3518 scrupu-

690 3544 853 3617 loso
905 3555 1237 3617 nostram
1299 3545 1751 3618 sententiam
1803 3567 1956 3617 non
2021 3545 2498 3639 eloquentiae
2553 3553 2866 3633 tumore,

693 3667 824 3738 sed
876 3689 1127 3739 rerum
1190 3666 1526 3759 ipsarum
1587 3664 1964 3738 soliditate
2016 3664 2401 3738 libremus.
2490 3688 2634 3738 nec
2688 3687 2870 3737 auo-
2896 3695 2950 3738 2⁵

695 3787 952 3877 canda,
1023 3788 1227 3880 quod
1292 3786 1650 3879 quereris,
1724 3785 2003 3858 diutius
2064 3786 2407 3875 intenti0‚
2482 3809 2653 3858 cum
2706 3793 2865 3858 toto

846 4030 880 4086 1
941 4027 1158 4087 iudicii
1202 4025 1527 4086 Wowcrus:
1587 4025 1811 4086 iudicis
1855 4028 1904 4084 P
1958 4023 1983 4106 ΙΙ
2035 4027 2077 4085 4
2132 4027 2466 4086 diffidentia
2516 4039 2659 4086 nos:
2724 4026 2866 4085 odio

690 4113 1022 4174 identidem
1053 4117 1101 4174 P
1143 4111 1170 4192 ss
1215 4115 1249 4171 7
1298 4114 1372 4172 ab
1401 4113 1498 4173 his
1528 4116 1578 4172 P
1616 4108 1644 4192 ΙΙ
1690 4114 1768 4173 12
1813 4112 1993 4173 uerba
2019 4115 2294 4173 ubertate
2326 4112 2567 4172 dicendi
2598 4112 2870 4188 loquutur

687 4200 758 4259 in
801 4203 850 4259 P
883 4205 1026 4277 post
1064 4220 1516 4275 nonnumquam
1546 4196 1571 4280 ΙΙ
1605 4221 1678 4260 ex
1723 4202 1910 4259 altera
1953 4201 2141 4260 lateat
2186 4199 2511 4260 Wowerus:
2560 4219 2633 4258 ex
2676 4197 2866 4257 altero

685 4288 872 4346 latere
918 4289 966 4346 P
997 4282 1023 4365 ΙΙ
1056 4288 1137 4345 22
1181 4289 1440 4347 refutare
1470 4284 1792 4347 Her'aldus:
1840 4295 2117 4363 reputare
2162 4289 2211 4345 P
2242 4281 2268 4367 ΙΙ
