3309 5192
1321 549 1737 622 ..17-

431 761 784 832 omnibus
821 759 1198 832 taetriora.
1292 766 1366 830 et
1421 759 1512 830 de
1551 758 1905 831 conuiuio
1944 767 2207 830 notum
2246 767 2390 848 est;
2448 783 2620 854 pas·
2652 774 2689 829 6

432 881 575 954 sim
611 903 872 953 omnes
907 878 1280 968 locuntur,
1337 878 1418 950 id
1466 878 1693 950 etiam
1730 877 2088 952 Cirtensis
2124 879 2359 951 nostri
2392 887 2617 953 testa-

436 1009 559 1074 tur
612 1000 872 1073 oratic.
965 1000 1061 1071 ad
1124 998 1386 1094 epulas
1448 997 1799 1071 sollemni
1863 998 1984 1070 die
2050 1007 2325 1072 coeunt
2386 1002 2619 1073 comi-

441 1121 770 1193 tantibus
828 1119 1088 1193 liberis
1155 1119 1530 1192 sororibus
1607 1119 1987 1208 matribus,
2072 1142 2295 1192 sexus
2374 1121 2617 1194 omnis

393 1269 421 1308 ⁵
443 1240 785 1312 homines
850 1248 925 1313 et
990 1241 1232 1313 omnis
1306 1240 1598 1327 aetatis;
1680 1237 1841 1311 illic
1919 1247 2091 1334 post
2168 1239 2617 1314 temulentas

448 1359 706 1455 epulas
767 1360 896 1432 ubi
959 1360 1399 1434 conuiuium
1467 1358 1700 1432 caluit
1764 1367 1840 1432 et
1890 1359 2219 1432 incestae
2280 1359 2618 1434 libidinis

449 1480 742 1553 ebriatis
779 1478 1035 1554 feruor
1072 1481 1370 1571 exarsit,
1431 1479 1657 1570 canis,
1718 1480 1850 1572 qui
1892 1479 2342 1554 candelabro
2378 1505 2618 1553 nexus

447 1609 573 1691 est,
627 1601 832 1675 iactu
889 1602 1162 1674 offulae
1196 1602 1400 1675 ultra
1444 1601 1771 1696 spatium
1805 1600 2076 1691 lineae,
2135 1625 2285 1695 qua
2318 1600 2617 1673 uinctus

443 1730 569 1811 est,
629 1723 724 1793 ad
776 1722 1149 1817 impetum
1205 1730 1281 1796 et
1315 1722 1588 1796 saltum
1623 1729 2100 1817 prouocatur.
2193 1723 2299 1795 sic
2354 1746 2616 1795 euerso
2652 1737 2685 1792 7

364 1870 410 1912 ιο
437 1851 512 1914 et
567 1843 901 1915 extincto
941 1844 1241 1916 conscio
1295 1843 1582 1917 lumine
1617 1842 2069 1936 inpudentes
2115 1844 2252 1916 sub
2289 1842 2618 1916 tenebris

435 1988 676 2036 nexus
730 1961 1085 2036 infandae
1125 1962 1555 2058 cupiditatis
1591 1961 2018 2052 inuoluunt,
2074 1986 2215 2058 per
2248 1963 2619 2036 incertum

436 2085 676 2173 sortiS‚
737 2084 878 2156 etsi
929 2109 1086 2157 non
1140 2107 1395 2156 omnes
1450 2106 1788 2177 corpore,
1857 2084 2313 2156 conscientia
2366 2095 2618 2157 tamen

437 2203 723 2297 pariter
773 2204 1061 2295 incesti,
1119 2203 1479 2298 quoniam
1515 2210 1694 2276 uoto
1749 2204 2274 2278 uniuersorum
2326 2203 2619 2298 adpeti-

442 2332 565 2397 tur
619 2323 976 2416 quicquid
1048 2325 1385 2398 accidere
1448 2331 1696 2418 potest
1753 2323 1838 2395 in
1890 2331 2065 2396 actu
2126 2323 2613 2420 singulorum.

363 2475 416 2516 ιε
442 2443 680 2516 multa
715 2452 1103 2538 praetereo
1142 2442 1516 2516 consulto:
1576 2468 1752 2516 nam
1791 2452 1866 2517 et
1898 2443 2086 2517 haec
2122 2444 2344 2516 nimis
2382 2443 2719 2523 multalo

441 2575 635 2655 sunt,
703 2589 896 2659 quae
951 2574 1080 2640 aut
1132 2565 1384 2639 omnia
1437 2573 1566 2637 aut
1618 2564 1981 2660 pleraque
2046 2564 2383 2637 omnium
2435 2588 2618 2637 uera

440 2685 768 2761 declarat
831 2687 1067 2782 ipsius
1142 2710 1423 2781 prauae
1493 2685 1881 2782 religionis
1953 2686 2385 2759 obscuritas.
2485 2708 2618 2758 cur
2652 2710 2687 2763 2

440 2807 720 2880 etenim
773 2808 1153 2881 occultare
1209 2814 1286 2878 et
1339 2807 1797 2879 abscondere
1834 2807 2197 2900 quicquid
2248 2805 2440 2880 illud
2493 2831 2619 2879 co-

438 2924 606 2999 lunt
677 2952 1134 3023 magnopere
1223 2926 1587 3018 nituntur,
1674 2952 1846 3000 cum
1926 2927 2244 3001 honesta
2322 2952 2617 3022 semper

356 3075 414 3118 20
439 3045 746 3140 publico
802 3049 1198 3143 gaudeant,
1257 3045 1542 3120 scelera
1577 3056 1863 3120 secreta
1915 3048 2106 3121 sint?
2186 3073 2319 3121 cur
2369 3047 2617 3120 nullas

329 3161 334 3166 ’
439 3191 605 3238 aras
667 3169 974 3256 habent,
1055 3165 1339 3260 templa
1403 3167 1635 3257 nulla,
1715 3166 1925 3240 nulla
1997 3169 2265 3241 nostris
2345 3167 2618 3240 similia

438 3286 882 3360 simulacra?
963 3312 1095 3360 cur
1160 3295 1647 3382 perseuerant
1709 3288 1791 3360 in
1862 3289 2331 3361 contumacia
2400 3312 2619 3359 num-

440 3429 665 3499 quam
730 3407 983 3501 palam
1047 3406 1278 3501 loqui,
1360 3431 1775 3501 numquam
1845 3408 2083 3480 libere
2156 3408 2614 3504 congregari,

438 3527 584 3598 nisi
618 3527 833 3619 illud,
875 3530 1076 3622 quod
1116 3528 1376 3601 colunt
1414 3538 1488 3601 et
1522 3529 2077 3623 interprimunt,
2132 3523 2261 3601 aut
2296 3528 2618 3624 punien-

353 3677 412 3721 25
441 3647 619 3718 dum
673 3657 784 3720 est
837 3658 966 3722 aut
1017 3651 1501 3743 pudendum?
1552 3651 1755 3722 unde
1792 3657 2041 3722 autem
2094 3648 2223 3721 uel
2264 3649 2430 3743 quis
2482 3649 2616 3722 ille
2653 3675 2705 3730 3*

590 3835 627 3894 3
661 3837 1090 3896 comitantibus
1117 3855 1257 3898 ‘nost
1291 3859 1427 3898 cum
1459 3840 1741 3899 omnibus
1770 3842 1819 3898 P
1850 3835 1875 3916 ΙΙ
1918 3839 1956 3897 5
1988 3839 2254 3898 hominis
2284 3842 2333 3898 P
2364 3835 2389 3919 Η
2422 3847 2619 3898 temu-

435 3922 629 3982 lentas
670 3939 810 3983 nos:
857 3925 1081 3983 multas
1126 3927 1174 3984 P
1205 3921 1231 4002 ΙΙ
1265 3925 1302 3983 6
1349 3926 1536 3985 caluit
1565 3942 1620 3985 r:
1670 3927 1863 3985 caruit
1890 3928 1939 3984 P
1977 3923 2005 4002 ss
2047 3927 2081 3983 7
2132 3927 2377 3985 ebriatis
2415 3924 2619 3984 Meur-

437 4007 591 4066 sius:
657 4010 965 4069 ebrietatis
1010 4012 1059 4068 P
1091 4007 1117 4088 ΙΙ
1149 4012 1312 4070 canis
1359 4011 1652 4071 Sabaeas:
1710 4013 1902 4072 carnis
1947 4015 1994 4070 P
2050 4009 2074 4088 Η
2131 4012 2213 4072 10
2256 4013 2618 4088 inpudentes

437 4096 550 4154 sub
593 4111 732 4154 nos:
793 4097 1229 4172 inpudentibus
1274 4100 1323 4156 P
1367 4093 1392 4176 H
1445 4100 1523 4158 12
1573 4118 1822 4174 corpore
1852 4097 2183 4158 Hartelius:
2241 4117 2463 4174 oporae
2508 4100 2557 4156 P
2600 4090 2621 4178 ΙΙ

441 4182 519 4239 21
565 4183 792 4241 nostris
835 4183 1064 4243 similia
1105 4199 1246 4242 nos:
1292 4194 1437 4244 nota
1481 4188 1530 4244 P
1569 4182 1596 4263 ΙΙ
1644 4186 1725 4243 22
1772 4206 1878 4244 cur
1919 4193 2307 4261 perseuerant
2357 4185 2423 4242 in
2476 4203 2620 4243 con-

439 4269 701 4327 tumacia
743 4286 858 4328 nos
899 4268 1272 4329 inseramus
1303 4267 1328 4349 ΙΙ

541 4382 780 4437 Schbne,
807 4382 1036 4426 Minucius.
2273 4383 2307 4436 2
