3309 5192
1370 537 1787 609 -27—

484 749 910 822 sustinetur.
971 771 1114 818 nec
1141 770 1427 837 recus0,
1459 750 1665 840 quod
1694 747 2067 821 Caecilius
2094 749 2436 820 adserere
2471 747 2669 822 inter
2691 754 2772 826 12

484 869 896 966 praecipua
964 868 1262 940 conisus
1335 876 1466 958 est,
1534 868 1922 941 hominem
1983 891 2199 942 nosse
2263 891 2341 941 se
2398 877 2473 942 et
2526 870 2671 942 cir-

486 991 950 1084 cumspicere
1017 989 1313 1078 debere‚
1384 988 1570 1082 quid
1622 989 1739 1078 sit,
1806 990 2009 1062 unde
2063 988 2177 1078 sit,
2252 1010 2484 1080 quare
2540 990 2663 1076 sit;

485 1113 743 1184 utrum'
796 1109 1184 1182 elementis
1241 1118 1629 1183 concretus
1684 1134 1783 1181 an
1833 1109 2321 1182 concinnatus
2378 1110 2665 1202 atomiS,

435 1258 462 1298 5
491 1256 591 1302 an
661 1230 909 1325 potius
961 1254 1004 1300 a
1057 1232 1198 1302 deo
1255 1227 1496 1303 factus
1550 1227 1913 1304 formatus
1982 1229 2373 1301 animatus.
2464 1232 2670 1322 quod
2704 1251 2738 1303 2

491 1351 741 1446 ipsum
788 1349 1176 1444 explorare
1228 1358 1306 1423 et
1353 1374 1614 1424 eruere
1662 1351 1822 1424 sine
1870 1349 2381 1424 uniuersitatis
2413 1349 2666 1443 inqui·

495 1471 759 1544 sitione
812 1495 965 1543 non
1019 1494 1434 1565 possumuS‚
1495 1495 1667 1543 cum
1719 1472 1827 1543 ita
1862 1469 2344 1544 cohaerentia
2379 1493 2668 1542 conexa

493 1600 978 1664 concatenata
1002 1592 1086 1663 in
1112 1591 1258 1664 hoc
1286 1593 1569 1664 mundo
1599 1603 1870 1665 cuncta
1898 1593 2065 1682 sint,
2106 1601 2191 1665 ut
2222 1590 2367 1664 nisi
2395 1590 2667 1663 diuini-

486 1712 659 1784 tatis
685 1711 1060 1784 rationem
1095 1712 1497 1807 diligenter
1535 1713 1969 1803 excusseriS,
2009 1714 2297 1786 nescias
2325 1713 2667 1785 humani-

406 1860 457 1902 ιο
481 1833 675 1922 tatis,
713 1855 858 1905 nec
894 1832 1132 1926 possis
1159 1832 1478 1927 pulchre
1514 1857 1774 1930 gerere
1801 1857 1963 1906 rem
1996 1833 2323 1925 ciuilem,
2362 1834 2511 1906 nisi
2546 1857 2665 1905 co-

486 1953 838 2048 gnoueris
865 1953 1063 2026 hanc
1100 1976 1577 2026 communem
1604 1954 1942 2026 omnium
1966 1956 2229 2027 mundi
2256 1955 2661 2027 ciuitatem.

486 2074 893 2166 praecipue
924 2097 1095 2146 cum
1115 2099 1160 2144 a
1187 2074 1454 2146 ceteris
1482 2073 1935 2147 animalibus
1953 2099 2040 2146 ac
2059 2072 2237 2147 feris
2254 2075 2500 2148 beluis
2518 2074 2663 2147 hoc

491 2193 939 2283 differamus,
989 2195 1192 2285 quod
1233 2193 1370 2265 illa
1412 2219 1655 2289 prona
1690 2195 1771 2266 in
1814 2203 2239 2288 terramque
2278 2195 2669 2292 uergentia

490 2311 685 2384 nihil
718 2321 894 2384 nata
927 2313 1075 2385 sint
1110 2315 1539 2409 prospicere
1576 2316 1723 2386 nisi
1757 2315 2144 2409 pabulum,
2193 2339 2351 2405 nos,
2394 2316 2665 2409 quibus

411 2464 462 2506 15
491 2431 746 2506 uultus
783 2442 1092 2524 erectuS‚
1154 2435 1424 2528 quibus
1461 2443 1850 2528 suspectus
1886 2437 1968 2508 in
2005 2435 2298 2509 caelum
2336 2425 2550 2508 datus
2592 2444 2668 2508 et

488 2576 729 2626 sermo
786 2562 862 2626 et
906 2555 1119 2646 ratiO,
1176 2580 1315 2651 per
1360 2579 1553 2649 quae
1602 2557 1829 2628 deum
1872 2556 2393 2652 adgnoscimus
2438 2555 2665 2628 senti-

487 2697 652 2746 mus
703 2674 1104 2766 imitamur,
1162 2676 1508 2771 ignorare
1562 2699 1703 2756 nec
1758 2672 1869 2749 fas
1915 2702 2057 2749 nec
2090 2677 2272 2752 licet
2315 2678 2666 2774 ingeren-

486 2802 640 2866 tem
684 2818 843 2868 sese
891 2796 1128 2869 oculis
1178 2805 1253 2869 et
1300 2797 1638 2870 sensibus
1682 2799 1955 2870 nostris
2002 2798 2398 2872 caelestem
2443 2797 2665 2871 clari-

487 2924 745 3002 tatem;
806 2917 1180 3013 sacrilegii
1226 2917 1429 2990 enim
1463 2916 1593 2989 uel
1635 2919 1947 2990 maximi
1989 2920 2224 2992 instar
2270 2927 2402 3010 est,
2452 2919 2667 2992 humi
2702 2934 2737 2988 3

408 3065 462 3110 2⁰
490 3058 848 3128 quaerere
915 3039 1119 3130 quod
1183 3037 1266 3108 in
1331 3037 1637 3110 sublimi
1701 3039 1975 3110 debeas
2041 3039 2410 3112 inuenire.
2516 3062 2665 3131 quo

489 3157 722 3252 magis
775 3157 967 3230 mihi
1017 3157 1375 3230 uidentur
1429 3158 1561 3250 qui
1614 3158 1818 3230 hunc
1873 3159 2133 3231 mundi
2178 3159 2406 3232 totius
2453 3182 2667 3231 orna-

487 3285 648 3349 tum
677 3300 831 3349 non
859 3277 1118 3350 diuina
1143 3279 1436 3350 ratione
1461 3277 1884 3373 perfectum
1910 3278 2200 3369 uolunt,
2255 3280 2387 3350 sed
2414 3275 2665 3351 frustis

489 3397 937 3490 quibusdam
961 3406 1241 3471 temere
1272 3398 1845 3472 cohaerentibus
1874 3398 2425 3496 conglobatum,
2457 3423 2666 3471 men-

488 3526 641 3590 tem
677 3542 977 3590 sensum
1014 3518 1269 3591 oculos
1307 3520 1633 3613 denique
1670 3521 1871 3614 ipsos
1906 3543 2061 3593 non
2095 3519 2397 3592 habere.
2476 3519 2668 3613 ‘quid
2702 3531 2737 3584 4

403 3670 458 3713 25
489 3638 693 3710 enim
717 3647 966 3733 potest
994 3663 1152 3712 esse
1169 3647 1323 3711 tam
1352 3649 1717 3734 apertum,
1749 3648 1903 3712 tam
1924 3638 2346 3713 confessum
2362 3648 2665 3733 tamque

485 3760 993 3853 perspicuum,
1036 3783 1208 3833 cum
1243 3759 1498 3834 oculos
1524 3761 1605 3832 in
1634 3761 1928 3835 caelum
1957 3761 2341 3834 sustuleris
2371 3769 2445 3833 et
2474 3785 2665 3854 quae

487 3888 661 3952 sunt
712 3877 910 3954 infra
963 3880 1309 3975 circaque
1353 3881 1812 3972 lustraueris,
1873 3907 2099 3976 quam
2150 3906 2308 3954 esse
2357 3880 2667 3974 aliquod

641 4087 680 4145 s
727 4087 793 4146 in
835 4089 951 4146 hoo
995 4088 1220 4146 mundo
1269 4057 1480 4148 <iuncta
1522 4106 1635 4148 nos
1678 4088 2047 4148 mmmmm
2078 4085 2103 4167 Η
2148 4089 2227 4146 12
2276 4088 2490 4148 ceteris
2534 4089 2666 4147 ani-

487 4172 746 4232 malibus
792 4194 859 4232 ac
901 4191 1014 4233 nos
1055 4173 1427 4233 inseruimus
1473 4169 1499 4253 ΙΙ
1557 4176 1636 4233 15
1684 4177 1857 4234 datus
1904 4183 1965 4235 et
2014 4173 2427 4252 Wopkemius:
2491 4175 2666 4235 datus

494 4266 584 4318 est
629 4266 690 4318 et
732 4262 782 4318 P
813 4255 838 4338 ΙΙ
869 4261 954 4332 ,19
1000 4260 1250 4319 maximi
1292 4277 1350 4320 r:
1399 4261 1657 4320 maxime
1703 4264 1752 4320 P
1784 4257 1809 4343 ss
