3309 5192
1538 602 2007 676 ——202—

685 820 852 871 stens
895 812 1031 872 lasst
1073 811 1204 871 sich
1233 811 1348 870 die
1379 812 1729 888 Scheidung
1774 819 1836 871 et
1878 811 1945 870 in
1990 812 2229 872 saeculo
2256 856 2271 869 .
2298 855 2313 869 .
2349 819 2411 872 et
2438 811 2609 871 nicht
2636 812 2861 890 halten,

684 900 759 957 da
814 898 913 957 die
966 898 1261 976 patientia
1316 899 1417 959 dei
1463 899 1620 958 doch
1663 900 1818 957 auch
1857 899 1929 957 in
1971 900 2211 958 saeculo
2259 899 2373 956 den
2417 899 2747 958 Menschen
2790 920 2867 957 zu

682 986 794 1044 teil
837 985 1007 1043 wird.
1099 985 1431 1045 Vielleicht
1475 984 1559 1043 ist
1600 986 1717 1043 hoc
1763 982 1856 1061 (st.
1906 982 1986 1063 et)
2030 987 2095 1044 in
2141 985 2381 1045 saeculo
2426 1006 2501 1043 zu
2543 986 2729 1044 lesen.
2779 1017 2865 1027 —

682 1075 858 1141 Kap.
895 1077 1003 1141 35,
1045 1077 1078 1130 1
1128 1072 1299 1130 illius
1344 1072 1527 1147 ignei,
1578 1071 1687 1146 qui
1730 1072 2083 1131 fluminibus
2128 1078 2191 1131 et
2217 1071 2438 1148 palude
2469 1072 2710 1149 saepius
2741 1092 2868 1129 am-

681 1160 867 1237 bitur,
913 1154 1166 1236 ardoris]
1209 1159 1381 1217 illius
1424 1158 1592 1235 ignei
1635 1158 1905 1217 fluminis
1934 1167 1996 1218 et
2028 1160 2099 1217 de
2133 1157 2341 1234 Stygia
2369 1158 2590 1234 palude
2622 1159 2869 1235 saepius

680 1246 1002 1304 ambientis
1046 1245 1276 1304 ardoris
1321 1248 1397 1318 P;
1446 1246 1553 1303 der
1585 1245 1827 1303 Ausfall
1869 1266 1990 1303 von
2034 1244 2143 1319 qui
2187 1243 2252 1320 (s,
2291 1245 2352 1302 S.
2390 1240 2535 1323 162)
2580 1247 2702 1322 hat,
2750 1245 2865 1303 wie

682 1351 746 1390 es
792 1332 1043 1410 scheint,
1093 1332 1405 1391 einerseits
1452 1333 1551 1391 die
1595 1324 1929 1407 Auden-ung
1972 1332 2078 1392 des
2121 1331 2420 1389 fluminib.
2464 1332 2531 1389 in
2574 1332 2869 1409 fluminis,

681 1418 1080 1477 andererseits
1134 1418 1231 1479 die
1286 1419 1393 1476 des
1447 1413 1654 1477 ambit’
1706 1416 2002 1495 (ambitur)
2049 1419 2115 1475 in
2158 1417 2480 1476 ambientis
2526 1438 2629 1476 zur
2672 1419 2866 1494 Folge

680 1506 930 1581 gehabt3
995 1504 1059 1562 in
1117 1505 1190 1562 de
1249 1505 1459 1579 Stygia
1516 1506 1736 1581 glaube
1795 1504 1894 1564 ich
1952 1504 2089 1563 eine
2148 1504 2368 1563 Glosse
2426 1512 2738 1563 vermuten
2792 1525 2867 1561 zu

679 1600 952 1666 mussen,
1010 1610 1056 1649 s.
1117 1593 1174 1649 S.
1225 1589 1366 1648 136.
1462 1591 1713 1668 Cornifi,
1752 1593 1905 1650 rhet.
1954 1591 2012 1665 4,
2042 1589 2143 1667 33,
2171 1591 2255 1648 44
2313 1609 2563 1667 corpore
2615 1590 2869 1649 niueum

681 1678 1017 1753 candorem,
1061 1684 1303 1752 aspectu
1333 1676 1576 1751 iyneum
1608 1677 1881 1736 ardorem
1911 1679 2366 1752 adsequebatur.
2400 1708 2487 1717 -—-
2518 1696 2699 1751 quem
2731 1697 2867 1735 cru-

680 1764 940 1822 ciatibus
992 1762 1254 1821 aeternis
1310 1774 1730 1839 praeparatum
1776 1774 1838 1823 et
1890 1765 2246 1822 daemonum
2290 1763 2580 1821 uindictis
2625 1763 2869 1839 excogi-

678 1858 872 1908 tatum
916 1845 1311 1927 tradiderunt]
1369 1870 1520 1924 quae
1567 1869 1616 1908 c.
1667 1870 1754 1908 ae.
1803 1857 2150 1950 praeparata
2196 1858 2257 1909 et
2302 1851 2661 1908 daemonum
2705 1850 2869 1907 indi-

682 1936 794 1993 ciis
840 1942 901 1995 et
955 1936 1028 1993 de
1076 1937 1333 1995 oraculis
1377 1937 1745 2013 profetarum
1792 1936 2035 2013 cognita
2078 1937 2455 1995 tradiderunt
2496 1938 2564 1994 P.
2655 1938 2867 1995 Durch

681 2023 786 2079 das
823 2022 1199 2099 Eindringen
1245 2024 1412 2080 eines
1443 2022 1758 2081 Glossems
1803 2022 1870 2080 id
1918 2018 2003 2101 (id
2032 2022 2143 2096 est)
2191 2022 2452 2081 oraculis
2496 2023 2866 2099 profetarum

686 2102 752 2186 (s.
783 2110 842 2167 S.
873 2104 1018 2187 137)
1053 2109 1222 2167 erlitt
1252 2109 1357 2167 der
1384 2128 1570 2184 ganza
1603 2111 1742 2168 Satz
1773 2110 1908 2169 eine
1936 2110 2429 2186 Verdunkelung.
2492 2112 2620 2167 Der
2647 2110 2869 2168 Fehler

686 2214 838 2268 quae
885 2198 958 2254 st.
1009 2215 1189 2269 quem
1231 2196 1452 2254 beruht
1492 2195 1808 2255 vielleicht
1854 2217 1966 2254 nur
1995 2197 2103 2254 auf
2128 2197 2294 2254 einer
2322 2196 2592 2254 falschen
2622 2197 2869 2270 Lesung

685 2281 792 2339 der
837 2284 998 2340 Nota
1042 2298 1162 2357 q:
1199 2302 1375 2356 quem
1437 2280 1505 2355 (S.
1556 2284 1615 2341 S.
1645 2280 1821 2367 162).
1912 2285 2064 2342 War
2118 2281 2339 2340 einmal
2393 2281 2591 2340 dieser
2646 2283 2869 2340 Fehler

685 2369 1081 2445 eingetreten,
1138 2387 1206 2427 so
1261 2388 1374 2445 zog
1426 2389 1492 2426 er
1535 2368 1635 2427 die
1682 2370 1966 2428 weiteren
2007 2369 2163 2428 nach
2210 2369 2340 2427 sich
2386 2365 2759 2445 (praeparata
2801 2389 2863 2426 ιι.

686 2451 970 2531 cognita).
1051 2458 1209 2528 Sen.,
1245 2463 1511 2513 controv.
1549 2455 1650 2533 10,
1698 2456 1881 2532 praef.
1918 2455 1956 2513 5
2002 2455 2066 2513 in
2109 2456 2227 2515 hoc
2273 2454 2422 2530 (scil.
2469 2457 2539 2513 T.
2572 2452 2865 2530 Labieno)

682 2542 948 2617 primum
982 2540 1328 2617 ‚excogitata
1373 2549 1465 2600 est
1506 2561 1667 2600 noua
1714 2562 1926 2617 poena.
2004 2545 2181 2618 Cypr.
2216 2542 2292 2599 ad
2328 2542 2596 2599 Demetr.
2633 2542 2714 2600 12
2762 2561 2867 2598 ex-

686 2628 912 2704 cogitat
936 2647 1128 2685 nouas
1157 2647 1384 2703 poenas
1414 2628 1723 2704 ingeniosa
1761 2628 2098 2687 crudelitas.
2126 2660 2213 2669 -—-
2234 2629 2422 2704 Lact.,
2459 2627 2599 2685 inst.
2628 2626 2862 2705 5,-19‚1

681 2713 1110 2791 perditissimis
1156 2715 1563 2790 daemonibuS,
1615 2734 1768 2789 quos
1813 2716 1963 2773 deus
2005 2715 2071 2771 in
2100 2722 2339 2772 aeterna
2368 2713 2669 2790 supplicia
2701 2715 2869 2771 dam-

681 2800 869 2859 nauit.
961 2801 1175 2865 Matth.
1213 2799 1314 2877 25,
1341 2801 1421 2858 41
1479 2797 1817 2881 πορεύεσθε
1863 2796 1966 2859 ἀπ’
2014 2798 2163 2879 ἐμοῦ
2207 2796 2625 2879 κατηραμένοι
2670 2797 2754 2867 εἰς
2798 2793 2867 2857 τὸ

682 2886 800 2967 πῦρ
831 2880 898 2945 τὸ
933 2882 1176 2946 αἰώνιον
1208 2880 1274 2945 τὸ
1306 2884 1847 2966 ἡτοισμαμένον
1880 2892 1966 2968 τῷ
2000 2883 2270 2968 διαβόλῳ
2296 2880 2400 2963 κᾳὶ
2430 2882 2555 2953 τοῖς
2588 2882 2869 2967 ἀγγέλοις

690 2968 874 3032 αυτοῦ
922 2968 1137 3052 (Tract.
1187 2972 1435 3050 Origen.
1481 2975 1560 3032 17
1608 2996 1667 3051 p.
1715 2974 1868 3033 189.
1916 2975 2001 3032 ite
2046 2974 2111 3032 in
2155 2973 2362 3049 ignem
2406 2981 2713 3031 aeternum
2760 2973 2870 3047 qui

671 3064 1070 3135 praeparatus
1123 3068 1216 3119 est
1269 3060 1513 3119 diabolo
1569 3068 1630 3119 et
1683 3061 1914 3138 angelis
1968 3057 2139 3138 eius).
2190 3092 2275 3102 —
2321 3057 2362 3135 ἓ
2395 3058 2451 3118 3.
2500 3060 2762 3117 Aetnaei
2808 3066 2871 3117 et

686 3146 873 3205 Vesui
915 3142 1160 3224 montis]
1207 3165 1252 3205 s.
1289 3150 1348 3205 S.
1390 3146 1530 3205 133.
1564 3179 1652 3189 -
1683 3146 1723 3223 ἓ
1758 3146 1814 3205 6.
1850 3167 2048 3205 carcer
2077 3140 2333 3225 aestuat]
2376 3165 2425 3204 c.
2460 3153 2766 3205 exaestuat
2795 3148 2865 3221 P,

687 3252 733 3291 s.
786 3235 847 3291 S.
893 3232 1035 3291 139.
1093 3264 1176 3273 -
1232 3236 1408 3301 Kap.
1446 3239 1556 3302 36,
1596 3239 1629 3292 1
1681 3234 1762 3292 sit
1804 3229 2064 3310 fortuna]
2110 3232 2192 3293 sit
2236 3232 2419 3291 sortis
2463 3233 2738 3290 fortunae
2782 3234 2869 3307 P;

682 3320 871 3378 Halm
925 3316 1318 3396 (Heumann):
1377 3319 1459 3378 sit
1503 3338 1632 3378 sors
1677 3321 1985 3394 fortunae3
2041 3320 2335 3377 Lindner:
2394 3318 2477 3377 sit
2520 3318 2701 3378 sortis
2743 3318 2872 3376 for-

685 3413 882 3463 tunae.
930 3406 1038 3464 Ich
1065 3413 1354 3477 vermute,
1401 3405 1518 3463 dass
1550 3406 1731 3464 sortis
1760 3406 1962 3463 hinter
1991 3406 2253 3483 dignitas
2284 3406 2517 3481 gehort.
2566 3404 2685 3463 Die
2716 3407 2871 3465 Ver—

685 3492 1018 3568 schiebung
1062 3492 1260 3550 dieses
1291 3495 1540 3552 Wortes
1585 3492 1651 3549 in
1696 3492 1802 3550 der
1830 3486 2296 3567 Uberlieferung
2332 3492 2540 3549 wurde
2586 3491 2716 3549 sich
2760 3510 2871 3548 aus

685 3578 1115 3636 Zeilenausfall
1148 3576 1211 3654 (fi
1232 3578 1499 3654 dignitas
1523 3576 1705 3639 sorti-s·
1723 3603 1769 3625 =
1792 3578 1956 3636 Zeile
1987 3598 2109 3635 von
2134 3577 2212 3635 15
2236 3578 2639 3653 Buchstaben,
2664 3577 2872 3635 hinter

686 3661 974 3740 hominis)
1039 3665 1315 3724 erklaren
1329 3710 1344 3741 ,
1407 3666 1482 3723 da
1542 3665 1705 3722 beim
1759 3664 2194 3741 Einrangieren
2248 3685 2369 3722 von
2420 3663 2872 3741 ausgefallenen

686 3751 898 3809 Zeilen
937 3751 1054 3809 den
1083 3751 1440 3811 Schreibern
1477 3750 1803 3809 besonders
1835 3752 2039 3827 haufig
2068 3752 2376 3809 Versehen
2412 3750 2871 3827 untergelaufen

688 3837 844 3916 sind,
892 3838 1090 3896 zumal
1120 3858 1294 3896 wenn
1324 3838 1424 3895 die
1457 3856 1554 3895 am
1581 3837 1793 3895 Raude
1822 3837 2261 3914 nachgeholten
2289 3840 2505 3897 Worte
2550 3837 2872 3895 senkrecht

685 3925 1122 3982 ubereinander
1151 3924 1542 4000 geschrieben
1571 3944 1789 3999 waren,
1835 3926 1958 4001 vgl.
1994 3926 2053 3982 S.
2092 3922 2236 3983 101.
2277 3955 2365 3964 —
2404 3921 2443 3999 ξ
2478 3924 2536 3981 2.
2582 3918 2875 3998 mentem]

685 4011 998 4069 materiam
1020 4013 1086 4089 P,
1115 4030 1160 4068 ε.
1189 4013 1248 4069 S.
1272 4010 1416 4069 155.
1442 4010 1698 4069 —licet
1720 4010 1845 4069 sint
1865 4005 2073 4087 pauca]
2096 4011 2199 4069 uel
2215 4010 2269 4069 si
2290 4028 2481 4086 pauca
2497 4012 2565 4086 P,
2589 4030 2634 4068 s.
2658 4011 2719 4068 S.
2743 4007 2868 4067 155

684 4118 746 4155 u.
799 4097 940 4156 164.
983 4128 1071 4137 —
1101 4100 1283 4175 Tert.,
1315 4098 1500 4174 Apol.
1541 4097 1623 4157 10
1670 4097 1815 4155 satis
1859 4096 1981 4154 iam
2026 4096 2099 4154 de
2147 4099 2403 4155 Saturno
2448 4096 2597 4153 licet
2637 4095 2867 4171 paucis.

685 4216 773 4226 —
825 4181 866 4259 ἓ
899 4182 957 4241 5.
1003 4184 1071 4242 in
1115 4184 1276 4242 diem
1319 4190 1557 4260 pastum
1601 4178 1975 4262 apiscuntur]
2017 4182 2059 4240 i.
2096 4183 2152 4240 d.
2185 4202 2405 4259 pascua
2432 4190 2758 4258 pascuntur
2788 4183 2867 4254 P;

693 4271 883 4328 durch
926 4270 1353 4329 Assimilation
1407 4272 1685 4329 entstand
1737 4278 1979 4346 pastum
2032 4275 2393 4345 apascuntur
2452 4266 2685 4345 (pastiia
2730 4285 2873 4343 pas-

690 4352 947 4434 cuntur),
987 4376 1222 4415 woraus
1253 4356 1385 4415 sich
1411 4376 1632 4434 pascua
1662 4364 1988 4432 pascuntur
2013 4355 2413 4414 >entwickelte.
2484 4348 2651 4413 Uber
2678 4352 2872 4431 apisci
