3309 5192
1544 572 1956 646 *62*

661 782 962 877 templis
999 783 1327 854 maxima
1362 783 1891 876 superstitione
1930 783 2346 856 coluerunt.
2418 785 2841 880 ignorantia

661 901 955 992 laberiS,
1015 903 1077 974 si
1129 903 1466 996 priorum
1519 913 1649 976 aut
1686 903 1962 976 oblitus
2016 914 2146 977 aut
2190 904 2469 976 inscius
2525 905 2839 997 posteri-

593 1043 628 1097 3
665 1048 879 1096 orum
914 1024 1348 1096 recordaris.
1443 1049 1619 1096 nam
1675 1032 1751 1096 et
1785 1025 1930 1119 ipsi
1969 1026 2192 1096 deum
2242 1035 2578 1098 nostrum
2616 1024 2841 1118 (idem

665 1144 865 1217 enim
933 1155 1007 1217 et
1072 1168 1266 1216 unus
1331 1146 1667 1217 omnium
1734 1147 1917 1218 deus
1982 1144 2116 1238 est)
2188 1147 2547 1237 quamdiu
2614 1155 2835 1235 caste,

661 1265 972 1337 innoxie
1010 1263 1509 1360 religioseque
1549 1265 1965 1357 coluerunt,
2025 1267 2384 1359 quamdiu
2419 1266 2840 1360 praeceptis
2868 1296 2893 1336 5

663 1385 1084 1458 salubribus
1149 1388 1881 1481 obtemperauerunt,
1961 1387 2053 1458 de
2135 1386 2395 1481 paucis
2464 1387 2840 1460 innumeri

664 1504 866 1595 facti,
926 1507 1020 1577 de
1075 1506 1466 1601 egentibus
1523 1507 1817 1596 diuites,
1889 1508 1981 1578 de
2036 1509 2535 1580 seruientibus
2590 1529 2838 1602 reges;

664 1625 941 1698 modici
1002 1625 1299 1716 multoS,
1381 1627 1654 1700 inermi
1716 1636 2059 1718 armatOS‚
2128 1630 2308 1701 dum
2369 1626 2671 1724 fugiunt
2730 1629 2842 1699 in-

664 1755 1084 1840 sequentes,
1135 1746 1258 1818 dei
1293 1747 1498 1818 iussu
1536 1756 1610 1819 et
1645 1747 2037 1821 elementis
2076 1749 2582 1822 adnitentibus
2621 1751 2843 1820 obru-

593 1889 628 1941 4
665 1876 906 1940 erunt.
1017 1867 1294 1961 scripta
1357 1891 1614 1939 eorum
1681 1867 1934 1964 relege
1998 1869 2146 1958 uel,
2224 1879 2312 1942 ut
2379 1878 2840 1941 transeamus
2871 1899 2921 1940 ιο

663 1997 980 2079 ueteres,
1037 1988 1259 2060 Flaui
1295 1987 1604 2083 Iosephi
1654 1989 1805 2079 uel,
1864 1989 1926 2060 si
1960 1989 2321 2086 Romanis
2368 1991 2605 2086 magis
2660 2015 2841 2085 gau-

666 2110 817 2200 des,
875 2110 1166 2181 Antoni
1202 2108 1482 2181 Iuliani
1534 2111 1626 2182 de
1683 2091 1979 2182 Iudaeis
2033 2111 2365 2203 require:
2422 2111 2575 2182 iam
2629 2111 2838 2202 scie8‚

665 2230 1004 2324 nequitia
1043 2254 1176 2301 sua
1210 2229 1406 2301 hanc
1445 2253 1570 2302 eos
1608 2231 1967 2303 meruisse
2005 2229 2407 2322 fortunam,
2447 2256 2587 2303 nec
2625 2232 2845 2325 quid-

667 2376 892 2444 quam
947 2350 1304 2423 accidisse
1357 2352 1561 2444 quod
1612 2375 1767 2423 non
1822 2351 1917 2424 sit
1969 2352 2083 2442 iis,
2141 2352 2204 2422 si
2256 2352 2338 2424 in
2377 2354 2846 2424 contumacia

594 2491 628 2544 5
665 2481 1255 2565 perseuerarent,
1313 2479 1486 2544 ante
1527 2472 2016 2565 praedictum.
2109 2473 2216 2545 ita
2268 2473 2477 2566 prius
2534 2497 2659 2545 eos
2715 2465 2923 2544 de-'15

665 2592 979 2665 seruisse
1035 2591 1599 2686 conprehendes
1655 2616 1881 2684 quam
1935 2616 2093 2664 esse
2150 2594 2477 2665 desertos
2530 2618 2694 2683 nec,
2758 2604 2846 2667 ut
2928 2580 2933 2584 ’

665 2712 899 2805 impie
953 2712 1306 2805 loqueris,
1366 2736 1536 2783 cum
1574 2713 1715 2785 deo
1770 2736 1906 2784 suo
1945 2722 2223 2807 captos,
2282 2715 2412 2786 sed
2466 2738 2511 2784 a
2566 2716 2707 2786 deo
2760 2723 2845 2786 ut

561 2837 652 2904 34
669 2830 1113 2926 disciplinae
1166 2829 1584 2927 transfugas
1640 2833 1951 2906 deditos,
2052 2843 2384 2906 ceterum
2438 2836 2529 2906 de
2584 2834 2846 2906 incen-

666 2953 790 3025 dio
846 2953 1128 3042 mundi,
1197 2961 1326 3024 aut
1394 2952 1476 3023 in
1535 2952 2007 3047 inprouisum
2072 2954 2325 3050 ignem
2393 2957 2659 3027 cedere
2714 2963 2844 3026 aut

593 3091 628 3142 2
666 3073 880 3145 disici
914 3073 1154 3163 illum,
1211 3097 1366 3145 non
1403 3074 1708 3146 credere
1744 3074 2078 3170 uulgaris
2128 3075 2397 3147 erroris
2452 3083 2583 3147 est.
2676 3076 2842 3168 quis
2870 3105 2923 3149 20

666 3194 868 3266 enim
922 3193 1375 3288 sapientium
1414 3195 1726 3284 dubitat,
1786 3195 1952 3288 quis
1987 3195 2303 3290 ignorat,
2364 3194 2613 3267 omnia
2649 3219 2843 3288 quae

668 3323 829 3386 orta
884 3324 1058 3387 sunt
1111 3315 1475 3406 occidere,
1549 3339 1743 3409 quae
1801 3313 1998 3389 facta
2060 3323 2233 3387 sunt
2285 3315 2613 3404 interire,
2674 3339 2845 3387 cum

664 3436 790 3526 ita,
847 3443 934 3507 ut
988 3436 1256 3529 coepit,
1325 3435 1628 3508 desierit
1682 3432 2006 3508 fontium
2061 3435 2298 3508 dulcis
2363 3460 2559 3529 aqua
2610 3436 2845 3507 maria

818 3608 875 3686 4,
913 3615 975 3666 et
1016 3628 1172 3666 unus
1226 3625 1338 3666 nos
1390 3606 1765 3666 inseruimus
1818 3606 1894 3682 cf.
1948 3625 2034 3682 sq.
2085 3604 2111 3687 Η
2163 3608 2449 3682 quamdiu
2492 3606 2841 3684 Boeoziyius:

667 3693 956 3768 quamdiu
1001 3695 1162 3752 enim
1208 3715 1345 3752 eum
1388 3697 1437 3752 P
1482 3689 1508 3773 ΙΙ
1557 3693 1638 3753 10
1683 3695 1885 3771 relege
1929 3695 2032 3752 uel
2062 3694 2118 3752 si
2152 3696 2417 3753 romanis
2460 3697 2654 3772 magis
2700 3715 2847 3770 gau-

609 3775 614 3780 ’
667 3781 771 3838 des
803 3777 890 3857 (ex
918 3777 1062 3857 -dis)
1095 3788 1165 3838 ut
1207 3787 1579 3840 transeamus
1608 3788 1846 3839 ueteres
1876 3781 2021 3838 flaui
2050 3781 2249 3856 iosepi
2297 3778 2459 3857 (corr.
2495 3799 2564 3839 ccc
2593 3777 2843 3857 iosaepi)

665 3867 767 3925 uel
811 3866 1086 3924 antonini
1131 3863 1220 3942 (im
1247 3865 1326 3923 -ii
1370 3861 1540 3944 corr.)
1585 3867 1805 3924 iuliani
1848 3869 1917 3944 P,
1962 3884 2174 3926 uerum
2218 3866 2489 3926 ordinem
2531 3867 2848 3925 uerborum

655 3956 973 4029 praeeunte
995 3951 1298 4011 Isindmero
1320 3952 1578 4011 restitwlt
1595 3951 1999 4012 Baehrens-ius
2035 3949 2061 4033 Η
2103 3953 2183 4012 13
2218 3953 2540 4028 quicquam
2568 3957 2617 4012 P
2648 3971 2797 4012 corr.
2828 3945 2850 4033 ΙΙ

675 4039 756 4096 14
807 4039 887 4097 iis
931 4037 1362 4098 Hemnannus:
1417 4039 1515 4098 his
1559 4042 1608 4098 P
1670 4036 1694 4119 ΙΙ
1759 4040 1838 4098 19
1885 4042 1949 4098 111
2008 4058 2121 4099 ‘nos
2162 4039 2533 4098 inseruimus
2570 4036 2596 4119 ΙΙ
2638 4041 2846 4098 cedere

669 4139 810 4185 ‘no-3:
859 4126 1066 4184 cadere
1097 4128 1145 4183 P
1189 4121 1216 4204 ΙΙ
1257 4124 1339 4184 2Ο
1385 4125 1564 4184 disici
1593 4124 1771 4185 illum
1814 4141 1953 4186 nos:
2002 4127 2251 4184 difficile
2282 4129 2331 4185 P
2375 4121 2399 4205 Η
2446 4127 2527 4184 22
2576 4146 2711 4185 611111
2740 4126 2846 4203 ita,

671 4219 742 4270 ut
785 4210 1000 4288 coepit,
1051 4212 1298 4270 desierit
1338 4255 1350 4270 .
1382 4257 1396 4269 .
1435 4212 1667 4270 nutrire
1719 4228 1860 4272 nos:
1909 4213 1995 4271 ita
2037 4221 2107 4271 ut
2152 4213 2422 4288 coepisse
2468 4213 2741 4272 desinere
2788 4257 2801 4269 .
2831 4257 2844 4270 .

671 4299 901 4356 nutrire
946 4301 1014 4374 P,
1061 4297 1162 4356 sed
1191 4302 1334 4374 post
1376 4300 1541 4357 caelo
1589 4299 1969 4358 continentur
2013 4298 2086 4374 cf.
2116 4317 2179 4375 p.
2215 4299 2315 4376 63,
2356 4302 2386 4357 1
2425 4296 2449 4378 ΙΙ
