3309 5192
1519 531 1931 605 -60—

571 760 602 811 2
637 749 888 812 tantae
925 742 1327 814 maiestatis
1371 740 1805 813 includam‘.>
1861 764 2109 814 nonne
2149 742 2415 814 melius
2452 744 2531 815 in
2568 753 2819 816 nostra

642 862 1096 937 dedicandus
1151 872 1261 935 est
1313 871 1585 951 mente,
1656 862 1737 932 in
1798 872 2051 935 nostro
2108 865 2653 937 consecrandus
2708 875 2820 937 est

637 987 991 1076 pectore?
1063 1007 1160 1054 an
1223 991 1518 1078 gratum
1582 992 1714 1072 est,
1791 1009 1962 1056 cum
2014 985 2292 1055 hostias
2350 991 2424 1055 et
2477 985 2819 1056 uictimas

641 1105 780 1174 deo
832 1106 1159 1193 offeram,
1219 1127 1402 1196 quas
1438 1105 1518 1175 in
1553 1129 1774 1175 usum
1809 1105 1959 1175 mei
1992 1105 2328 1198 protulit,
2386 1115 2471 1178 ut
2514 1105 2821 1177 reiciam

640 1223 711 1295 ei
747 1247 965 1295 suum
1009 1248 1302 1314 munuS,
1353 1249 1524 1296 cum
1559 1225 1787 1297 immo
1826 1227 1920 1297 sit
1953 1223 2260 1298 litabilis
2296 1226 2542 1297 hostia
2576 1227 2818 1298 bonus
2846 1255 2872 1295 5

568 1361 602 1414 3
638 1344 930 1414 animus
983 1354 1058 1417 et
1103 1368 1294 1438 pura
1328 1368 1540 1416 mens
1579 1354 1654 1417 et
1690 1347 1979 1419 sincera
2016 1347 2521 1418 conscientia?
2591 1347 2820 1441 igitur

639 1465 769 1557 qui
814 1465 1324 1536 innocentiam
1361 1465 1561 1556 colit,
1620 1467 1760 1539 deo
1810 1467 2208 1561 supplicat,
2266 1467 2398 1558 qui
2433 1467 2815 1555 iustitiam,

610 1585 778 1680 ‘deo
807 1583 1016 1674 libat,
1058 1585 1189 1676 qui
1223 1581 1611 1657 fraudibus
1639 1588 1983 1677 abstinet,
2022 1588 2383 1681 propitiat
2410 1588 2656 1677 deum,
2688 1588 2821 1681 qui

638 1705 1020 1776 hominem
1075 1703 1414 1798 periculo
1463 1708 1803 1801 subripit,
1860 1708 2000 1779 deo
2057 1708 2385 1802 opimam
2435 1709 2819 1780 uictimam

642 1827 906 1898 caedit.
998 1825 1188 1898 haec
1232 1834 1485 1898 nostra
1529 1828 1911 1916 sacrificia,
1967 1829 2156 1899 haec
2204 1829 2324 1900 dei
2370 1853 2577 1899 sacra
2612 1837 2814 1900 sunt:
2849 1857 2900 1898 ιο

569 1965 604 2018 4
641 1948 745 2017 sic
785 1947 988 2038 apud
1021 1970 1157 2018 nos
1193 1945 1611 2043 religiosior
1648 1956 1759 2020 est
1793 1948 1925 2020 ille
1964 1949 2095 2041 qui
2130 1949 2412 2021 iustior.
2508 1957 2582 2020 at
2620 1950 2821 2020 enim

642 2089 868 2158 quem
923 2066 1236 2140 colimus
1293 2070 1517 2141 deum
1570 2093 1711 2141 nec
1766 2069 2221 2142 ostendimus
2268 2092 2407 2140 nec
2451 2069 2816 2140 uidemus.

641 2187 871 2259 immo
940 2211 1035 2259 ex
1088 2188 1234 2260 hoc
1291 2191 1514 2262 deum
1579 2190 1971 2280 credimus,
2042 2189 2242 2283 quod
2308 2212 2481 2260 eum
2543 2189 2818 2260 sentire

641 2332 1058 2401 possumuS,
1115 2310 1375 2381 uidere
1413 2335 1568 2382 non
1604 2333 2021 2403 possumus.
2093 2311 2176 2380 in
2229 2308 2581 2402 operibus
2620 2309 2821 2381 enim

644 2429 802 2500 eius
871 2436 946 2501 et
997 2429 1082 2500 in
1142 2431 1404 2502 mundi
1458 2431 1805 2502 omnibus
1860 2431 2183 2503 motibus
2247 2429 2606 2501 uirtutem
2661 2429 2820 2500 eius
2850 2460 2900 2500 15

643 2574 938 2645 semper
991 2559 1464 2644 praesentem
1518 2552 1943 2645 aspicimuS,
2003 2575 2173 2623 cum
2226 2558 2438 2623 tonat
2489 2547 2824 2645 fulgurat

572 2688 606 2741 5
641 2667 1016 2760 fulminat,
1075 2696 1247 2742 cum
1301 2681 1615 2744 serenat.
1707 2697 1848 2745 nec
1903 2671 2216 2759 mireriS,
2274 2671 2337 2742 si
2392 2672 2616 2742 deum
2668 2693 2822 2742 non

642 2791 888 2862 uides:
947 2800 1177 2863 uento
1235 2800 1308 2864 et
1342 2792 1641 2865 flatibus
1682 2793 1934 2865 omnia
1966 2791 2466 2885 impelluntur
2516 2791 2823 2862 uibran-

643 2920 766 2984 tur
819 2910 1196 3007 agitantur
1251 2920 1326 2984 et
1380 2914 1515 2984 sub
1573 2911 1809 2984 oculis
1863 2920 2117 2985 tamen
2170 2935 2324 2983 non
2371 2911 2585 2983 uenit
2637 2934 2824 2982 uen-

643 3041 762 3104 tus
818 3039 891 3103 et
943 3032 1186 3104 flatus.
1275 3032 1357 3103 in
1412 3034 1646 3105 solem
1683 3035 1893 3123 ade0,
1954 3032 2087 3125 qui
2129 3032 2442 3103 uidendi
2478 3031 2821 3103 omnibus
2850 3067 2904 3108 20

646 3176 868 3225 causa
923 3162 1055 3243 est,
1113 3153 1373 3226 uidere
1428 3178 1582 3226 non
1636 3175 2059 3246 possumus:
2118 3152 2345 3224 radiis
2402 3151 2599 3223 acies
2654 3153 2822 3223 sub-

645 3281 1010 3365 mouetur,
1073 3275 1374 3347 obtutus
1409 3274 1773 3347 intuentis
1819 3274 2219 3346 hebetatur
2273 3282 2367 3362 et,
2428 3273 2488 3343 si
2543 3272 2821 3343 diutius

573 3411 607 3463 6
642 3394 1019 3487 inspiciaS,
1096 3395 1336 3466 omnis
1408 3395 1611 3467 uisus
1683 3393 2167 3488 extinguitur.
2281 3393 2511 3486 quid?
2570 3393 2821 3486 ipsum

645 3513 820 3586 solis
876 3514 1261 3605 artificem,
1316 3515 1534 3587 illum
1589 3515 1895 3586 luminis
1950 3511 2257 3603 fontem,
2318 3513 2555 3607 possis
2610 3512 2823 3584 susti-

642 3659 843 3724 nere,
903 3659 1074 3706 cum
1128 3644 1202 3706 te
1258 3636 1352 3706 ab
1409 3636 1515 3707 eis
1554 3633 1973 3732 fulgoribus
2016 3643 2332 3723 auertaS,
2391 3659 2435 3704 a
2487 3630 2823 3705 fulmini-
2851 3671 2903 3714 20

795 3825 832 3882 2
879 3823 944 3881 in
987 3832 1195 3883 nostro
1239 3840 1382 3884 nos:
1429 3826 1495 3883 in
1537 3832 1745 3883 nostro
1792 3824 1978 3882 immo
2024 3826 2073 3882 P
2118 3823 2192 3899 cf.
2226 3841 2285 3882 u.
2324 3824 2361 3882 5
2410 3819 2436 3901 u
2485 3823 2521 3882 3
2570 3842 2644 3880 an
2689 3842 2824 3898 gra-

641 3919 773 3969 tum
803 3918 915 3989 est,
949 3931 1085 3969 cum
1112 3925 1252 3970 nos:
1295 3911 1597 3988 ingratum
1628 3919 1721 3970 est
1748 3911 1816 3986 P,
1848 3910 1950 3969 sed
1966 3915 2109 3986 post
2136 3930 2310 3968 suum
2342 3928 2557 3968 munus
2591 3907 2671 3986 (u.
2701 3905 2761 3988 5)
2803 3901 2825 3989 ΙΙ

642 4005 703 4056 et
732 3997 1010 4056 uictimas
1041 3998 1119 4056 <16
1148 3998 1198 4055 Ρ
1237 4014 1369 4072 sup.
1405 3997 1440 4056 l.
1473 3997 1654 4073 habet,
1702 3996 1804 4055 sed
1829 3998 1862 4055 1
1891 4016 1972 4056 m.
2016 3995 2042 4076 ΙΙ
2088 3997 2124 4054 5
2173 4017 2309 4056 cum
2338 3998 2523 4054 immo
2558 3996 2640 4054 sit
2681 4010 2819 4054 nos:

643 4103 778 4141 cum
809 4085 890 4142 sit
919 4083 968 4140 P
999 4083 1072 4159 cf.
1106 4102 1167 4143 u.
1205 4086 1242 4142 2
1285 4081 1309 4162 Η
1352 4084 1389 4142 6
1423 4085 1789 4142 conscientia
1828 4082 2109 4143 Ursinus:
2138 4084 2441 4142 ‘sententia
2468 4084 2517 4139 P
2558 4080 2584 4160 ΙΙ
2626 4083 2663 4140 9
2711 4083 2821 4139 deo

643 4169 871 4228 addidit
911 4168 1212 4229 Vahlenus
1258 4167 1282 4247 ΙΙ
1325 4171 1587 4247 opimam
1627 4169 1931 4230 Gelenius:
1982 4170 2271 4248 optimam
2301 4170 2350 4227 P
2391 4167 2417 4248 Η
2461 4170 2539 4227 17
2587 4167 2821 4227 mireris

641 4271 696 4313 r:
746 4256 992 4316 mereris
1036 4259 1085 4314 P
1131 4253 1155 4336 ΙΙ
1205 4258 1287 4315 20
1333 4259 1526 4315 solem
1565 4256 1880 4316 Gellarius:
1931 4258 2059 4316 sole
2105 4257 2154 4315 P
2188 4254 2211 4336 Η
