3309 5192
1309 524 1723 598 .-4Ε5-.ὑ

426 758 652 828 quam
691 735 1095 828 puerperia
1132 757 1554 807 numerare.
1632 736 1836 827 quid,
1889 737 2021 826 qui
2073 736 2434 830 sanguine
2470 761 2605 808 suo
2642 756 2675 809 4

422 855 615 928 libat
667 863 743 927 et
795 855 1234 928 uulneribus
1289 855 1439 926 suis
1495 853 1891 949 supplicat,
1950 879 2201 928 nonne
2247 853 2607 949 profanus

422 975 692 1047 melius
723 985 915 1048 esset
934 1000 1159 1069 quam
1179 976 1285 1047 sic
1304 974 1745 1070 religiosus?
1774 983 1904 1047 aut
1927 976 2050 1047 cui
2070 983 2262 1047 testa
2282 985 2454 1049 sunt
2474 979 2607 1049 ob-

422 1120 647 1168 scena
684 1097 1036 1187 demessa,
1096 1119 1246 1188 quo
1283 1097 1505 1167 modo
1535 1095 1761 1166 deum
1787 1093 2025 1167 uiolat
2052 1097 2182 1188 qui
2207 1096 2353 1168 hoc
2380 1099 2605 1169 modo

368 1248 393 1286 ⁵
421 1216 694 1311 placat,
727 1241 900 1288 cum
927 1217 990 1289 si
1019 1216 1401 1289 eunuchos
1435 1215 1615 1286 deus
1642 1215 1900 1306 uellet,
1932 1225 2183 1310 posset
2213 1240 2603 1310 procreare

421 1335 637 1409 nullo
674 1333 1057 1410 facinore?
1113 1338 1278 1430 quis
1305 1362 1460 1410 non
1479 1335 1874 1432 intellegat
1900 1336 2096 1408 male
2125 1359 2340 1409 sanos
2371 1344 2447 1409 et
2470 1361 2605 1408 ua-
2642 1360 2677 1412 5

422 1481 568 1528 nae
618 1465 694 1529 et
737 1459 1074 1552 perditae
1119 1458 1390 1531 mentis
1427 1459 1510 1531 in
1548 1459 1840 1530 uiscera
1877 1457 2214 1550 desipere
2253 1465 2330 1529 et
2367 1457 2607 1552 ipsam

425 1577 836 1650 errantium
852 1581 1151 1651 turbam
1169 1587 1430 1651 mutua
1447 1579 1589 1651 sibi
1608 1578 2027 1672 patrocinia
2044 1582 2467 1671 praestare?
2485 1578 2610 1650 hic

425 1695 766 1770 defensio
814 1701 1228 1771 communis
1264 1698 1536 1772 furoris
1584 1707 1696 1770 est
1729 1697 2143 1769 furentium
2178 1698 2603 1771 multitudo.

346 1852 394 1892 ιο
423 1827 506 1890 at
556 1827 808 1890 tamen
859 1819 1002 1891 ista
1054 1818 1218 1913 ipsa
1272 1819 1699 1914 superstitio
1747 1818 2104 1890 Romanis
2153 1817 2359 1891 dedit
2402 1819 2613 1892 auxit
2627 1830 2714 1897 25

422 1935 775 2011 fundauit
808 1939 1231 2033 imperium,
1275 1964 1446 2011 cum
1482 1962 1637 2011 non
1674 1948 1824 2011 tam
1861 1939 2141 2013 uirtute
2179 1962 2404 2031 quam
2432 1938 2611 2012 reli-

422 2061 649 2156 gione
701 2068 777 2131 et
827 2060 1109 2153 pietate
1146 2060 1546 2154 pollerent.
1625 2060 1981 2131 nimirum
2014 2059 2328 2155 insignis
2366 2069 2440 2132 et
2473 2085 2610 2133 no-

422 2179 600 2252 bilis
653 2180 939 2253 iustitia
972 2179 1313 2252 Romana
1366 2182 1460 2252 ab
1504 2180 1687 2274 ipsis
1731 2179 2033 2273 imperii
2076 2181 2449 2252 nascentis
2492 2182 2609 2253 in·-

427 2300 821 2373 cunabulis
889 2301 1272 2394 auspicata
1344 2309 1478 2373 est.
1597 2324 1850 2372 nonne
1920 2299 2168 2371 Marte
2238 2325 2463 2373 saeuo
2535 2311 2611 2374 et
2644 2327 2676 2379 2

349 2456 397 2496 ιε»
425 2420 710 2493 scelere
765 2420 1063 2494 collecti
1119 2429 1193 2493 et
1250 2421 1530 2493 inuniti
1579 2420 2065 2494 immanitatis
2110 2445 2287 2493 suae
2325 2433 2606 2494 terrore

427 2544 873 2614 creuerunt?
933 2566 1109 2614 nam
1163 2542 1368 2637 asylo
1423 2543 1667 2636 prima
1712 2541 1925 2635 plebs
1972 2551 2419 2638 congregata
2464 2551 2601 2615 est:

429 2662 949 2735 confluxerant
991 2663 1290 2756 perditi,
1339 2660 1741 2734 facinerosi
1784 2659 2067 2753 incesti,
2124 2664 2391 2754 sicarii,
2439 2688 2609 2758 pro-

430 2782 734 2868 ditores;
811 2791 885 2856 et
951 2792 1036 2856 ut
1095 2783 1268 2877 ipse·
1323 2783 1691 2856 Romulus
1761 2783 2167 2877 imperator
2230 2793 2305 2856 et
2369 2794 2612 2859 rector

427 2901 797 2998 populum
865 2928 1082 2975 suum
1144 2901 1478 2976 facinore
1540 2903 2056 2997 praecelleret,
2125 2906 2608 2999 parricidium

352 3057 404 3100 πο
429 3021 634 3096 fecit.
726 3023 914 3095 haec
958 3025 1204 3119 prima
1239 3032 1412 3096 sunt
1456 3023 1793 3118 auspicia
1828 3024 2221 3120 religiosae
2260 3025 2607 3098 ciuitatis.

431 3167 611 3216 mox
674 3142 954 3215 alienas
1019 3145 1350 3240 uirgines
1412 3144 1563 3215 iam
1625 3145 2026 3216 destinatas
2082 3152 2157 3217 et
2207 3143 2611 3216 nonnullas
2646 3167 2681 3220 3
2775 3187 2783 3196 ·

434 3265 527 3335 de
575 3265 1069 3337 -matrimonio
1138 3262 1614 3336 mulierculas
1671 3263 1829 3334 sine
1886 3287 2091 3335 more
2145 3265 2396 3358 rapuit
2447 3263 2614 3335 uio-

431 3383 623 3457 lauit
674 3383 935 3457 inlusit
989 3394 1063 3458 et
1117 3410 1287 3458 cum
1345 3409 1601 3457 earum
1655 3384 2112 3478 parentibuS,
2169 3384 2249 3455 id
2296 3392 2405 3456 est
2440 3408 2611 3455 cum

434 3505 707 3577 soceris
745 3506 918 3596 suiS,
957 3506 1243 3578 bellum
1274 3505 1591 3594 miscuit,
1630 3505 2144 3598 propinquum
2172 3503 2614 3599 sanguinem

357 3623 654 3704 25-fudit.
738 3627 918 3720 quid
973 3627 1492 3724 inreligiosius,
1552 3625 1735 3718 quid
1789 3623 2163 3715 audaciuS,
2223 3625 2405 3717 quid
2447 3624 2614 3718 ipsa

593 3817 625 3873 1
677 3836 856 3890 quam
899 3818 1220 3892 puerperia
1277 3834 1390 3875 nos
1446 3813 1795 3874 addidimus
1854 3810 2203 3890 (Vahlenusz
2254 3833 2435 3888 quam
2476 3833 2615 3889 par-

437 3897 556 3980 tus)
595 3897 621 3980 Η
667 3902 703 3960 2
750 3922 948 3960 nonne
992 3900 1316 3961 Vahlenus:
1361 3922 1483 3960 non
1527 3903 1577 3960 P
1622 3896 1648 3979 ΙΙ
1692 3900 1729 3958 3
1777 3907 1927 3958 testa
1976 3898 2282 3959 Gelenius:
2334 3909 2467 3958 exta
2504 3899 2553 3956 P
2598 3892 2617 3980 Η

443 3988 481 4047 6
511 3988 685 4046 nullo
707 3989 970 4047 facinore
991 4007 1129 4048 nos:
1155 4009 1277 4046 non
1300 3990 1492 4047 facere
1525 3985 1549 4068 Η
1585 3989 1620 4046 ’7
1645 3988 1879 4046 uiscera
1900 4002 2037 4044 nos:
2073 3987 2191 4044 ista
2212 3987 2261 4044 P
2293 3981 2318 4064 ΙΙ
2353 3985 2435 4044 10
2458 3986 2617 4044 ausit

438 4074 487 4131 P
519 4071 543 4154 Η
579 4075 660 4133 14
703 4077 898 4134 Marte
930 4095 1110 4134 saeuo
1153 4092 1288 4133 nos:
1337 4075 1401 4133 in
1433 4083 1570 4134 ortu
1608 4095 1717 4134 suo
1763 4073 1812 4130 P
1844 4067 1868 4152 Η
1905 4072 1984 4130 15
2029 4073 2254 4130 inuniti
2295 4087 2433 4131 nos:
2483 4093 2616 4130 mu-

438 4160 555 4220 niti
599 4161 648 4218 P
687 4157 712 4241 Η
763 4162 839 4219 21
889 4161 1147 4237 uirginis
1192 4161 1241 4218 P
1272 4156 1297 4239 Η
1340 4161 1460 4218 iam
1507 4160 1833 4220 destinatas
1876 4157 2299 4218 Baehrensius:
2346 4159 2469 4217 iam
2513 4159 2618 4217 de-

441 4254 765 4324 sponsatas,
813 4248 935 4306 iam
981 4248 1305 4307 destinatas
1349 4247 1398 4304 P
1431 4243 1455 4326 ΙΙ
