<?xml version="1.0" encoding="UTF-8"?>
<!DOCTYPE html PUBLIC "-//W3C//DTD XHTML 1.0 Transitional//EN"
    "http://www.w3.org/TR/xhtml1/DTD/xhtml1-transitional.dtd">
<html xmlns="http://www.w3.org/1999/xhtml" xml:lang="en" lang="en">
 <head>
  <title>
</title>
<meta http-equiv="Content-Type" content="text/html;charset=utf-8" />
  <meta name='ocr-system' content='tesseract 3.04.00' />
  <meta name='ocr-capabilities' content='ocr_page ocr_carea ocr_par ocr_line ocrx_word'/>
</head>
<body>
  <div class='ocr_page' id='page_1' title='image "./mminuciifelicis00schgoog_0023.png"; bbox 0 0 3309 5192; ppageno 0'>
   <div class='ocr_carea' id='block_1_1' title="bbox 1386 556 1745 630">
    <p class='ocr_par' dir='ltr' id='par_1_1' title="bbox 1386 556 1745 630">
     <span class='ocr_line' id='line_1_1' title="bbox 1386 556 1745 630; baseline 0 -20"><span class='ocrx_word' id='word_1_1' title='bbox 1386 556 1745 630; x_wconf 78' lang='grc'><strong>-9-</strong></span> 
     </span>
    </p>
   </div>
   <div class='ocr_carea' id='block_1_2' title="bbox 389 764 2721 3506">
    <p class='ocr_par' dir='ltr' id='par_1_2' title="bbox 389 764 2721 3506">
     <span class='ocr_line' id='line_1_2' title="bbox 478 764 2654 860; baseline 0 -22"><span class='ocrx_word' id='word_1_2' title='bbox 478 764 936 860; x_wconf 80' lang='lat' dir='ltr'><strong>profundum</strong></span> <span class='ocrx_word' id='word_1_3' title='bbox 1003 767 1340 838; x_wconf 86' lang='lat' dir='ltr'><strong>demersa</strong></span> <span class='ocrx_word' id='word_1_4' title='bbox 1405 775 1577 837; x_wconf 90' lang='lat' dir='ltr'><strong>sunt</strong></span> <span class='ocrx_word' id='word_1_5' title='bbox 1631 776 1760 837; x_wconf 89' lang='lat' dir='ltr'><strong>aut</strong></span> <span class='ocrx_word' id='word_1_6' title='bbox 1812 767 2000 838; x_wconf 87' lang='lat' dir='ltr'><strong>scire</strong></span> <span class='ocrx_word' id='word_1_7' title='bbox 2064 767 2160 838; x_wconf 89' lang='lat' dir='ltr'><strong>sit</strong></span> <span class='ocrx_word' id='word_1_8' title='bbox 2214 768 2467 841; x_wconf 86' lang='lat' dir='ltr'><strong>datum</strong></span> <span class='ocrx_word' id='word_1_9' title='bbox 2524 776 2654 839; x_wconf 88' lang='lat' dir='ltr'><strong>aut</strong></span> 
     </span>
     <span class='ocr_line' id='line_1_3' title="bbox 477 867 2652 983; baseline 0.001 -24"><span class='ocrx_word' id='word_1_10' title='bbox 477 888 794 960; x_wconf 87' lang='lat' dir='ltr'><strong>scrutari</strong></span> <span class='ocrx_word' id='word_1_11' title='bbox 845 886 1290 980; x_wconf 88' lang='lat' dir='ltr'><strong>permissum</strong></span> <span class='ocrx_word' id='word_1_12' title='bbox 1361 895 1492 957; x_wconf 88' lang='lat' dir='ltr'><strong>aut</strong></span> <span class='ocrx_word' id='word_1_13' title='bbox 1552 867 2028 979; x_wconf 88' lang='lat' dir='ltr'><strong>interpretari</strong></span> <span class='ocrx_word' id='word_1_14' title='bbox 2091 877 2523 983; x_wconf 59' lang='lat' dir='ltr'><strong>religiosum</strong></span> <span class='ocrx_word' id='word_1_15' title='bbox 2578 897 2652 961; x_wconf 91' lang='lat' dir='ltr'><strong>et</strong></span> 
     </span>
     <span class='ocr_line' id='line_1_4' title="bbox 476 1006 2651 1099; baseline 0.001 -20"><span class='ocrx_word' id='word_1_16' title='bbox 476 1007 680 1080; x_wconf 92' lang='lat' dir='ltr'><strong>beati</strong></span> <span class='ocrx_word' id='word_1_17' title='bbox 732 1006 908 1079; x_wconf 89' lang='lat' dir='ltr'><strong>satis</strong></span> <span class='ocrx_word' id='word_1_18' title='bbox 945 1007 1268 1098; x_wconf 79' lang='lat' dir='ltr'><strong>satisque</strong></span> <span class='ocrx_word' id='word_1_19' title='bbox 1324 1007 1732 1099; x_wconf 82' lang='lat' dir='ltr'><strong>prudentes</strong></span> <span class='ocrx_word' id='word_1_20' title='bbox 1768 1006 1932 1079; x_wconf 90' lang='lat' dir='ltr'><strong>iure</strong></span> <span class='ocrx_word' id='word_1_21' title='bbox 1968 1007 2379 1093; x_wconf 81' lang='lat' dir='ltr'><strong>uideamur,</strong></span> <span class='ocrx_word' id='word_1_22' title='bbox 2436 1009 2499 1080; x_wconf 89' lang='lat' dir='ltr'><strong>si</strong></span> <span class='ocrx_word' id='word_1_23' title='bbox 2536 1033 2651 1081; x_wconf 91' lang='lat' dir='ltr'><strong>se-</strong></span> 
     </span>
     <span class='ocr_line' id='line_1_5' title="bbox 479 1124 2652 1220; baseline 0 -20"><span class='ocrx_word' id='word_1_24' title='bbox 479 1127 809 1200; x_wconf 92' lang='lat' dir='ltr'><strong>cundum</strong></span> <span class='ocrx_word' id='word_1_25' title='bbox 886 1125 1078 1197; x_wconf 92' lang='lat' dir='ltr'><strong>illud</strong></span> <span class='ocrx_word' id='word_1_26' title='bbox 1157 1133 1374 1198; x_wconf 92' lang='lat' dir='ltr'><strong>uetus</strong></span> <span class='ocrx_word' id='word_1_27' title='bbox 1439 1124 1821 1220; x_wconf 86' lang='lat' dir='ltr'>Apollinis</span> <span class='ocrx_word' id='word_1_28' title='bbox 1893 1127 2279 1200; x_wconf 88' lang='lat' dir='ltr'><strong>oraculum</strong></span> <span class='ocrx_word' id='word_1_29' title='bbox 2358 1137 2652 1201; x_wconf 83' lang='lat' dir='ltr'><strong>nosmet</strong></span> 
     </span>
     <span class='ocr_line' id='line_1_6' title="bbox 423 1243 2721 1340; baseline 0.002 -22"><span class='ocrx_word' id='word_1_30' title='bbox 423 1279 448 1318; x_wconf 88' lang='lat'>5</span> <span class='ocrx_word' id='word_1_31' title='bbox 475 1248 678 1340; x_wconf 89' lang='lat' dir='ltr'><strong>ipsos</strong></span> <span class='ocrx_word' id='word_1_32' title='bbox 732 1243 1172 1318; x_wconf 87' lang='lat' dir='ltr'><strong>familiarius</strong></span> <span class='ocrx_word' id='word_1_33' title='bbox 1235 1246 1691 1318; x_wconf 92' lang='lat' dir='ltr'><strong>nouerimus.</strong></span> <span class='ocrx_word' id='word_1_34' title='bbox 1784 1249 1916 1318; x_wconf 88' lang='lat' dir='ltr'><strong>sed</strong></span> <span class='ocrx_word' id='word_1_35' title='bbox 1969 1256 2335 1340; x_wconf 88' lang='lat' dir='ltr'><strong>quatenus</strong></span> <span class='ocrx_word' id='word_1_36' title='bbox 2400 1248 2651 1320; x_wconf 89' lang='lat' dir='ltr'><strong>indul-</strong></span> <span class='ocrx_word' id='word_1_37' title='bbox 2686 1269 2721 1324; x_wconf 87' lang='grc'>6</span> 
     </span>
     <span class='ocr_line' id='line_1_7' title="bbox 475 1366 2651 1462; baseline 0.001 -24"><span class='ocrx_word' id='word_1_38' title='bbox 475 1374 735 1462; x_wconf 86' lang='lat' dir='ltr'><strong>gentes</strong></span> <span class='ocrx_word' id='word_1_39' title='bbox 789 1367 1052 1438; x_wconf 88' lang='lat' dir='ltr'><strong>insano</strong></span> <span class='ocrx_word' id='word_1_40' title='bbox 1091 1374 1314 1460; x_wconf 89' lang='lat' dir='ltr'><strong>atque</strong></span> <span class='ocrx_word' id='word_1_41' title='bbox 1351 1367 1613 1460; x_wconf 89' lang='lat' dir='ltr'><strong>inepto</strong></span> <span class='ocrx_word' id='word_1_42' title='bbox 1667 1366 1911 1438; x_wconf 88' lang='lat' dir='ltr'><strong>labori</strong></span> <span class='ocrx_word' id='word_1_43' title='bbox 1957 1367 2157 1440; x_wconf 85' lang='lat' dir='ltr'><strong>ultra</strong></span> <span class='ocrx_word' id='word_1_44' title='bbox 2206 1367 2651 1440; x_wconf 86' lang='lat' dir='ltr'><strong>humilitatis</strong></span> 
     </span>
     <span class='ocr_line' id='line_1_8' title="bbox 475 1488 2650 1582; baseline 0 -23"><span class='ocrx_word' id='word_1_45' title='bbox 475 1495 768 1560; x_wconf 88' lang='lat' dir='ltr'><strong>nostrae</strong></span> <span class='ocrx_word' id='word_1_46' title='bbox 824 1488 1178 1560; x_wconf 87' lang='lat' dir='ltr'><strong>terminos</strong></span> <span class='ocrx_word' id='word_1_47' title='bbox 1249 1511 1656 1582; x_wconf 84' lang='lat' dir='ltr'><strong>euagamur</strong></span> <span class='ocrx_word' id='word_1_48' title='bbox 1725 1495 1801 1560; x_wconf 91' lang='lat' dir='ltr'><strong>et</strong></span> <span class='ocrx_word' id='word_1_49' title='bbox 1859 1489 1937 1560; x_wconf 92' lang='lat' dir='ltr'><strong>in</strong></span> <span class='ocrx_word' id='word_1_50' title='bbox 1994 1497 2270 1561; x_wconf 87' lang='lat' dir='ltr'><strong>terram</strong></span> <span class='ocrx_word' id='word_1_51' title='bbox 2334 1488 2650 1582; x_wconf 87' lang='lat' dir='ltr'><strong>proiecti</strong></span> 
     </span>
     <span class='ocr_line' id='line_1_9' title="bbox 475 1607 2653 1702; baseline 0.001 -24"><span class='ocrx_word' id='word_1_52' title='bbox 475 1607 765 1679; x_wconf 88' lang='lat' dir='ltr'><strong>caelum</strong></span> <span class='ocrx_word' id='word_1_53' title='bbox 799 1607 1049 1701; x_wconf 87' lang='lat' dir='ltr'><strong>ipsum</strong></span> <span class='ocrx_word' id='word_1_54' title='bbox 1103 1615 1180 1679; x_wconf 90' lang='lat' dir='ltr'><strong>et</strong></span> <span class='ocrx_word' id='word_1_55' title='bbox 1212 1607 1377 1702; x_wconf 90' lang='lat' dir='ltr'><strong>ipsa</strong></span> <span class='ocrx_word' id='word_1_56' title='bbox 1412 1607 1656 1680; x_wconf 88' lang='lat' dir='ltr'><strong>sidera</strong></span> <span class='ocrx_word' id='word_1_57' title='bbox 1691 1608 1959 1681; x_wconf 86' lang='lat' dir='ltr'>audaci</span> <span class='ocrx_word' id='word_1_58' title='bbox 2006 1607 2414 1701; x_wconf 88' lang='lat' dir='ltr'><strong>cupiditate</strong></span> <span class='ocrx_word' id='word_1_59' title='bbox 2449 1617 2653 1680; x_wconf 86' lang='lat' dir='ltr'><strong>tran-</strong></span> 
     </span>
     <span class='ocr_line' id='line_1_10' title="bbox 473 1727 2647 1818; baseline 0.001 -20"><span class='ocrx_word' id='word_1_60' title='bbox 473 1727 918 1818; x_wconf 87' lang='lat' dir='ltr'><strong>scendimus,</strong></span> <span class='ocrx_word' id='word_1_61' title='bbox 990 1727 1123 1800; x_wconf 91' lang='lat' dir='ltr'><strong>uel</strong></span> <span class='ocrx_word' id='word_1_62' title='bbox 1171 1728 1378 1799; x_wconf 92' lang='lat' dir='ltr'><strong>hunc</strong></span> <span class='ocrx_word' id='word_1_63' title='bbox 1433 1752 1761 1801; x_wconf 91' lang='lat' dir='ltr'><strong>errorem</strong></span> <span class='ocrx_word' id='word_1_64' title='bbox 1816 1728 2079 1801; x_wconf 87' lang='lat' dir='ltr'><strong>saltem</strong></span> <span class='ocrx_word' id='word_1_65' title='bbox 2134 1728 2480 1818; x_wconf 74' lang='lat' dir='ltr'><strong>uitemuS,</strong></span> <span class='ocrx_word' id='word_1_66' title='bbox 2551 1752 2647 1800; x_wconf 88' lang='lat' dir='ltr'><strong>ne</strong></span> 
     </span>
     <span class='ocr_line' id='line_1_11' title="bbox 393 1845 2645 1943; baseline 0 -24"><span class='ocrx_word' id='word_1_67' title='bbox 393 1878 444 1920; x_wconf 70' lang='grc' dir='ltr'><strong>ιο</strong></span> <span class='ocrx_word' id='word_1_68' title='bbox 469 1872 606 1921; x_wconf 89' lang='lat' dir='ltr'><strong>nos</strong></span> <span class='ocrx_word' id='word_1_69' title='bbox 660 1848 876 1921; x_wconf 87' lang='lat' dir='ltr'><strong>uanis</strong></span> <span class='ocrx_word' id='word_1_70' title='bbox 933 1856 1008 1920; x_wconf 93' lang='lat' dir='ltr'><strong>et</strong></span> <span class='ocrx_word' id='word_1_71' title='bbox 1051 1845 1554 1921; x_wconf 87' lang='lat' dir='ltr'><strong>formidulosis</strong></span> <span class='ocrx_word' id='word_1_72' title='bbox 1611 1849 2093 1943; x_wconf 88' lang='lat' dir='ltr'><strong>opinionibus</strong></span> <span class='ocrx_word' id='word_1_73' title='bbox 2146 1849 2645 1943; x_wconf 84' lang='lat' dir='ltr'><strong>implicemus.</strong></span> 
     </span>
     <span class='ocr_line' id='line_1_12' title="bbox 470 1969 2715 2063; baseline 0.002 -23"><span class='ocrx_word' id='word_1_74' title='bbox 470 1969 620 2042; x_wconf 90' lang='lat' dir='ltr'><strong>sint</strong></span> <span class='ocrx_word' id='word_1_75' title='bbox 691 1969 1067 2063; x_wconf 90' lang='lat' dir='ltr'><strong>principio</strong></span> <span class='ocrx_word' id='word_1_76' title='bbox 1141 1969 1477 2041; x_wconf 90' lang='lat' dir='ltr'><strong>omnium</strong></span> <span class='ocrx_word' id='word_1_77' title='bbox 1539 1970 1827 2042; x_wconf 87' lang='lat' dir='ltr'><strong>semina</strong></span> <span class='ocrx_word' id='word_1_78' title='bbox 1894 1978 2163 2041; x_wconf 88' lang='lat' dir='ltr'><strong>natura</strong></span> <span class='ocrx_word' id='word_1_79' title='bbox 2227 1970 2309 2042; x_wconf 91' lang='lat' dir='ltr'><strong>in</strong></span> <span class='ocrx_word' id='word_1_80' title='bbox 2375 1995 2453 2042; x_wconf 87' lang='lat' dir='ltr'><strong>se</strong></span> <span class='ocrx_word' id='word_1_81' title='bbox 2528 1993 2647 2042; x_wconf 89' lang='lat' dir='ltr'><strong>co·</strong></span> <span class='ocrx_word' id='word_1_82' title='bbox 2684 1992 2715 2044; x_wconf 80' lang='lat'><strong>7</strong></span> 
     </span>
     <span class='ocr_line' id='line_1_13' title="bbox 471 2087 2646 2182; baseline -0 -20"><span class='ocrx_word' id='word_1_83' title='bbox 471 2097 695 2162; x_wconf 91' lang='lat' dir='ltr'><strong>eunte</strong></span> <span class='ocrx_word' id='word_1_84' title='bbox 751 2091 1088 2161; x_wconf 87' lang='lat' dir='ltr'><strong>densata:</strong></span> <span class='ocrx_word' id='word_1_85' title='bbox 1148 2089 1314 2182; x_wconf 89' lang='lat' dir='ltr'><strong>quis</strong></span> <span class='ocrx_word' id='word_1_86' title='bbox 1362 2089 1489 2160; x_wconf 86' lang='lat' dir='ltr'><strong>hic</strong></span> <span class='ocrx_word' id='word_1_87' title='bbox 1541 2097 1801 2161; x_wconf 81' lang='lat' dir='ltr'><strong>auctor</strong></span> <span class='ocrx_word' id='word_1_88' title='bbox 1842 2091 2066 2163; x_wconf 70' lang='lat' dir='ltr'><strong>deus?</strong></span> <span class='ocrx_word' id='word_1_89' title='bbox 2120 2090 2271 2163; x_wconf 88' lang='lat' dir='ltr'><strong>sint</strong></span> <span class='ocrx_word' id='word_1_90' title='bbox 2320 2087 2646 2164; x_wconf 86' lang='lat' dir='ltr'><strong>fortuitis</strong></span> 
     </span>
     <span class='ocr_line' id='line_1_14' title="bbox 473 2209 2649 2283; baseline 0 -2"><span class='ocrx_word' id='word_1_91' title='bbox 473 2210 1086 2282; x_wconf 86' lang='lat' dir='ltr'><strong>concursionibus</strong></span> <span class='ocrx_word' id='word_1_92' title='bbox 1154 2209 1382 2282; x_wconf 87' lang='lat' dir='ltr'><strong>totius</strong></span> <span class='ocrx_word' id='word_1_93' title='bbox 1448 2211 1712 2281; x_wconf 91' lang='lat' dir='ltr'><strong>mundi</strong></span> <span class='ocrx_word' id='word_1_94' title='bbox 1786 2211 2123 2282; x_wconf 88' lang='lat' dir='ltr'><strong>membra</strong></span> <span class='ocrx_word' id='word_1_95' title='bbox 2194 2211 2464 2283; x_wconf 88' lang='lat' dir='ltr'><strong>coalita</strong></span> <span class='ocrx_word' id='word_1_96' title='bbox 2536 2211 2649 2282; x_wconf 91' lang='lat' dir='ltr'><strong>di-</strong></span> 
     </span>
     <span class='ocr_line' id='line_1_15' title="bbox 471 2327 2649 2425; baseline 0 -23"><span class='ocrx_word' id='word_1_97' title='bbox 471 2338 680 2425; x_wconf 87' lang='lat' dir='ltr'><strong>gesta</strong></span> <span class='ocrx_word' id='word_1_98' title='bbox 731 2327 1076 2402; x_wconf 86' lang='lat' dir='ltr'><strong>formata:</strong></span> <span class='ocrx_word' id='word_1_99' title='bbox 1145 2330 1312 2424; x_wconf 90' lang='lat' dir='ltr'><strong>quis</strong></span> <span class='ocrx_word' id='word_1_100' title='bbox 1367 2331 1548 2402; x_wconf 90' lang='lat' dir='ltr'><strong>deus</strong></span> <span class='ocrx_word' id='word_1_101' title='bbox 1604 2330 2116 2402; x_wconf 72' lang='lat' dir='ltr'><strong>machinator?</strong></span> <span class='ocrx_word' id='word_1_102' title='bbox 2172 2331 2415 2403; x_wconf 87' lang='lat' dir='ltr'><strong>sidera</strong></span> <span class='ocrx_word' id='word_1_103' title='bbox 2464 2330 2649 2404; x_wconf 87' lang='lat' dir='ltr'><strong>licet</strong></span> 
     </span>
     <span class='ocr_line' id='line_1_16' title="bbox 394 2449 2647 2546; baseline 0 -25"><span class='ocrx_word' id='word_1_104' title='bbox 394 2480 444 2522; x_wconf 68' lang='grc'><strong>15</strong></span> <span class='ocrx_word' id='word_1_105' title='bbox 470 2449 664 2546; x_wconf 86' lang='lat' dir='ltr'><strong>ignis</strong></span> <span class='ocrx_word' id='word_1_106' title='bbox 701 2450 1145 2540; x_wconf 86' lang='lat' dir='ltr'><strong>accenderit,</strong></span> <span class='ocrx_word' id='word_1_107' title='bbox 1191 2459 1467 2523; x_wconf 87' lang='lat' dir='ltr'><strong>terram</strong></span> <span class='ocrx_word' id='word_1_108' title='bbox 1505 2459 1581 2523; x_wconf 91' lang='lat' dir='ltr'><strong>et</strong></span> <span class='ocrx_word' id='word_1_109' title='bbox 1620 2450 1912 2523; x_wconf 88' lang='lat' dir='ltr'><strong>caelum</strong></span> <span class='ocrx_word' id='word_1_110' title='bbox 1950 2450 2133 2524; x_wconf 92' lang='lat' dir='ltr'><strong>licet</strong></span> <span class='ocrx_word' id='word_1_111' title='bbox 2168 2475 2301 2522; x_wconf 90' lang='lat' dir='ltr'><strong>sua</strong></span> <span class='ocrx_word' id='word_1_112' title='bbox 2337 2451 2647 2522; x_wconf 88' lang='lat' dir='ltr'><strong>materia</strong></span> 
     </span>
     <span class='ocr_line' id='line_1_17' title="bbox 471 2569 2647 2666; baseline 0 -24"><span class='ocrx_word' id='word_1_113' title='bbox 471 2571 942 2664; x_wconf 86' lang='lat' dir='ltr'><strong>suspenderit</strong></span> <span class='ocrx_word' id='word_1_114' title='bbox 1003 2571 1132 2644; x_wconf 91' lang='lat' dir='ltr'><strong>uel</strong></span> <span class='ocrx_word' id='word_1_115' title='bbox 1183 2569 1617 2644; x_wconf 86' lang='lat' dir='ltr'><strong>fundauerit</strong></span> <span class='ocrx_word' id='word_1_116' title='bbox 1677 2574 2011 2666; x_wconf 89' lang='lat' dir='ltr'><strong>pondere</strong></span> <span class='ocrx_word' id='word_1_117' title='bbox 2080 2579 2153 2644; x_wconf 91' lang='lat' dir='ltr'><strong>et</strong></span> <span class='ocrx_word' id='word_1_118' title='bbox 2208 2595 2411 2644; x_wconf 88' lang='lat' dir='ltr'><strong>mare</strong></span> <span class='ocrx_word' id='word_1_119' title='bbox 2465 2569 2647 2643; x_wconf 89' lang='lat' dir='ltr'><strong>licet</strong></span> 
     </span>
     <span class='ocr_line' id='line_1_18' title="bbox 469 2689 2646 2788; baseline 0 -26"><span class='ocrx_word' id='word_1_120' title='bbox 469 2690 918 2763; x_wconf 88' lang='lat' dir='ltr'><strong>confluxerit</strong></span> <span class='ocrx_word' id='word_1_121' title='bbox 971 2694 1011 2763; x_wconf 87' lang='lat' dir='ltr'><strong>e</strong></span> <span class='ocrx_word' id='word_1_122' title='bbox 1047 2690 1373 2785; x_wconf 84' lang='lat' dir='ltr'><strong>liquore:</strong></span> <span class='ocrx_word' id='word_1_123' title='bbox 1432 2693 1632 2765; x_wconf 92' lang='lat' dir='ltr'><strong>unde</strong></span> <span class='ocrx_word' id='word_1_124' title='bbox 1670 2693 1859 2764; x_wconf 88' lang='lat' dir='ltr'><strong>haec</strong></span> <span class='ocrx_word' id='word_1_125' title='bbox 1895 2691 2184 2788; x_wconf 82' lang='lat' dir='ltr'><strong>religiO,</strong></span> <span class='ocrx_word' id='word_1_126' title='bbox 2242 2694 2443 2764; x_wconf 92' lang='lat' dir='ltr'><strong>unde</strong></span> <span class='ocrx_word' id='word_1_127' title='bbox 2498 2689 2646 2764; x_wconf 85' lang='lat' dir='ltr'><strong>for-</strong></span> 
     </span>
     <span class='ocr_line' id='line_1_19' title="bbox 469 2811 2714 2905; baseline 0.003 -23"><span class='ocrx_word' id='word_1_128' title='bbox 469 2811 669 2882; x_wconf 88' lang='lat' dir='ltr'><strong>mido</strong></span> <span class='ocrx_word' id='word_1_129' title='bbox 734 2812 1311 2905; x_wconf 86' lang='lat' dir='ltr'><strong>superstitioque</strong></span> <span class='ocrx_word' id='word_1_130' title='bbox 1380 2817 1540 2886; x_wconf 79' lang='lat' dir='ltr'><strong>est‘?</strong></span> <span class='ocrx_word' id='word_1_131' title='bbox 1611 2813 1838 2884; x_wconf 91' lang='lat' dir='ltr'><strong>homo</strong></span> <span class='ocrx_word' id='word_1_132' title='bbox 1912 2822 1988 2886; x_wconf 89' lang='lat' dir='ltr'><strong>et</strong></span> <span class='ocrx_word' id='word_1_133' title='bbox 2048 2811 2329 2884; x_wconf 89' lang='lat' dir='ltr'><strong>animal</strong></span> <span class='ocrx_word' id='word_1_134' title='bbox 2396 2836 2639 2903; x_wconf 87' lang='lat' dir='ltr'><strong>omne,</strong></span> <span class='ocrx_word' id='word_1_135' title='bbox 2679 2833 2714 2888; x_wconf 88' lang='lat'>8</span> 
     </span>
     <span class='ocr_line' id='line_1_20' title="bbox 469 2932 2637 3027; baseline 0.001 -25"><span class='ocrx_word' id='word_1_136' title='bbox 469 2933 671 3023; x_wconf 91' lang='lat' dir='ltr'><strong>quod</strong></span> <span class='ocrx_word' id='word_1_137' title='bbox 732 2932 1061 3005; x_wconf 89' lang='lat' dir='ltr'><strong>nascitur</strong></span> <span class='ocrx_word' id='word_1_138' title='bbox 1136 2933 1544 3027; x_wconf 85' lang='lat' dir='ltr'><strong>inspiratur</strong></span> <span class='ocrx_word' id='word_1_139' title='bbox 1609 2932 1995 3022; x_wconf 88' lang='lat' dir='ltr'><strong>attollitur,</strong></span> <span class='ocrx_word' id='word_1_140' title='bbox 2074 2932 2637 3021; x_wconf 85' lang='lat' dir='ltr'><strong>elementorum,</strong></span> 
     </span>
     <span class='ocr_line' id='line_1_21' title="bbox 389 3050 2643 3146; baseline -0.001 -22"><span class='ocrx_word' id='word_1_141' title='bbox 389 3083 440 3125; x_wconf 84' lang='lat'><strong>20</strong></span> <span class='ocrx_word' id='word_1_142' title='bbox 468 3059 552 3123; x_wconf 87' lang='lat' dir='ltr'><strong>ut</strong></span> <span class='ocrx_word' id='word_1_143' title='bbox 586 3050 876 3143; x_wconf 85' lang='lat' dir='ltr'><strong>uolunt,</strong></span> <span class='ocrx_word' id='word_1_144' title='bbox 933 3054 1330 3125; x_wconf 87' lang='lat' dir='ltr'><strong>temeraria</strong></span> <span class='ocrx_word' id='word_1_145' title='bbox 1368 3053 1748 3125; x_wconf 92' lang='lat' dir='ltr'><strong>concretio</strong></span> <span class='ocrx_word' id='word_1_146' title='bbox 1788 3062 1920 3142; x_wconf 84' lang='lat' dir='ltr'><strong>est,</strong></span> <span class='ocrx_word' id='word_1_147' title='bbox 1976 3053 2059 3124; x_wconf 91' lang='lat' dir='ltr'><strong>in</strong></span> <span class='ocrx_word' id='word_1_148' title='bbox 2113 3075 2304 3146; x_wconf 88' lang='lat' dir='ltr'><strong>quae</strong></span> <span class='ocrx_word' id='word_1_149' title='bbox 2350 3076 2643 3124; x_wconf 90' lang='lat' dir='ltr'><strong>rursum</strong></span> 
     </span>
     <span class='ocr_line' id='line_1_22' title="bbox 467 3168 2640 3264; baseline -0 -23"><span class='ocrx_word' id='word_1_150' title='bbox 467 3171 692 3245; x_wconf 91' lang='lat' dir='ltr'><strong>homo</strong></span> <span class='ocrx_word' id='word_1_151' title='bbox 750 3183 825 3247; x_wconf 89' lang='lat' dir='ltr'><strong>et</strong></span> <span class='ocrx_word' id='word_1_152' title='bbox 860 3168 1142 3244; x_wconf 87' lang='lat' dir='ltr'><strong>animal</strong></span> <span class='ocrx_word' id='word_1_153' title='bbox 1196 3196 1416 3244; x_wconf 88' lang='lat' dir='ltr'><strong>omne</strong></span> <span class='ocrx_word' id='word_1_154' title='bbox 1455 3172 1819 3245; x_wconf 87' lang='lat' dir='ltr'><strong>diuiditur</strong></span> <span class='ocrx_word' id='word_1_155' title='bbox 1857 3172 2175 3244; x_wconf 88' lang='lat' dir='ltr'><strong>soluitur</strong></span> <span class='ocrx_word' id='word_1_156' title='bbox 2212 3171 2640 3264; x_wconf 86' lang='lat' dir='ltr'><strong>dissipatur:</strong></span> 
     </span>
     <span class='ocr_line' id='line_1_23' title="bbox 468 3290 2646 3386; baseline -0.001 -23"><span class='ocrx_word' id='word_1_157' title='bbox 468 3292 572 3364; x_wconf 90' lang='lat' dir='ltr'><strong>ita</strong></span> <span class='ocrx_word' id='word_1_158' title='bbox 643 3293 723 3364; x_wconf 92' lang='lat' dir='ltr'><strong>in</strong></span> <span class='ocrx_word' id='word_1_159' title='bbox 790 3291 1078 3366; x_wconf 89' lang='lat' dir='ltr'><strong>fontem</strong></span> <span class='ocrx_word' id='word_1_160' title='bbox 1149 3293 1478 3364; x_wconf 88' lang='lat' dir='ltr'><strong>refluunt</strong></span> <span class='ocrx_word' id='word_1_161' title='bbox 1546 3300 1621 3362; x_wconf 90' lang='lat' dir='ltr'><strong>et</strong></span> <span class='ocrx_word' id='word_1_162' title='bbox 1682 3292 1762 3363; x_wconf 94' lang='lat' dir='ltr'><strong>in</strong></span> <span class='ocrx_word' id='word_1_163' title='bbox 1828 3300 2070 3386; x_wconf 28' lang='lat' dir='ltr'><strong>semet,</strong></span> <span class='ocrx_word' id='word_1_164' title='bbox 2122 3290 2373 3362; x_wconf 89' lang='lat' dir='ltr'><strong>omnia</strong></span> <span class='ocrx_word' id='word_1_165' title='bbox 2425 3314 2646 3361; x_wconf 89' lang='lat' dir='ltr'><strong>reuo-</strong></span> 
     </span>
     <span class='ocr_line' id='line_1_24' title="bbox 467 3407 2640 3506; baseline -0.003 -22"><span class='ocrx_word' id='word_1_166' title='bbox 467 3407 802 3504; x_wconf 85' lang='lat' dir='ltr'><strong>luuntur,</strong></span> <span class='ocrx_word' id='word_1_167' title='bbox 878 3412 1092 3506; x_wconf 88' lang='lat' dir='ltr'><strong>nullo</strong></span> <span class='ocrx_word' id='word_1_168' title='bbox 1148 3412 1432 3485; x_wconf 88' lang='lat' dir='ltr'><strong>artifice</strong></span> <span class='ocrx_word' id='word_1_169' title='bbox 1487 3412 1633 3484; x_wconf 91' lang='lat' dir='ltr'><strong>hoc</strong></span> <span class='ocrx_word' id='word_1_170' title='bbox 1688 3411 2048 3484; x_wconf 89' lang='lat' dir='ltr'><strong>moliente</strong></span> <span class='ocrx_word' id='word_1_171' title='bbox 2101 3434 2244 3483; x_wconf 89' lang='lat' dir='ltr'><strong>nec</strong></span> <span class='ocrx_word' id='word_1_172' title='bbox 2314 3419 2640 3482; x_wconf 91' lang='lat' dir='ltr'><strong>auctore.</strong></span> 
     </span>
    </p>
   </div>
   <div class='ocr_carea' id='block_1_3' title="bbox 468 3577 2647 4355">
    <p class='ocr_par' dir='ltr' id='par_1_3' title="bbox 468 3577 2647 4355">
     <span class='ocr_line' id='line_1_25' title="bbox 621 3577 2645 3663; baseline -0.002 -19"><span class='ocrx_word' id='word_1_173' title='bbox 621 3588 656 3644; x_wconf 91' lang='lat'>1</span> <span class='ocrx_word' id='word_1_174' title='bbox 689 3586 1056 3662; x_wconf 86' lang='lat' dir='ltr'><strong>profundum</strong></span> <span class='ocrx_word' id='word_1_175' title='bbox 1084 3600 1223 3644; x_wconf 77' lang='lat' dir='ltr'><strong>nos:</strong></span> <span class='ocrx_word' id='word_1_176' title='bbox 1255 3585 1551 3662; x_wconf 86' lang='lat' dir='ltr'><strong>profunda</strong></span> <span class='ocrx_word' id='word_1_177' title='bbox 1573 3587 1622 3642; x_wconf 95' lang='lat' dir='ltr'>P</span> <span class='ocrx_word' id='word_1_178' title='bbox 1655 3581 1681 3663; x_wconf 85' lang='grc' dir='ltr'><strong>ΙΙ</strong></span> <span class='ocrx_word' id='word_1_179' title='bbox 1713 3586 1919 3643; x_wconf 79' lang='lat' dir='ltr'><strong>datum</strong></span> <span class='ocrx_word' id='word_1_180' title='bbox 1948 3591 2018 3643; x_wconf 89' lang='lat' dir='ltr'><strong>ut</strong></span> <span class='ocrx_word' id='word_1_181' title='bbox 2048 3589 2311 3642; x_wconf 84' lang='lat' dir='ltr'><strong>scrutare</strong></span> <span class='ocrx_word' id='word_1_182' title='bbox 2341 3585 2390 3641; x_wconf 94' lang='lat' dir='ltr'>P</span> <span class='ocrx_word' id='word_1_183' title='bbox 2422 3577 2446 3658; x_wconf 89' lang='grc' dir='ltr'><strong>ΙΙ</strong></span> <span class='ocrx_word' id='word_1_184' title='bbox 2481 3585 2517 3640; x_wconf 87' lang='grc'>2</span> <span class='ocrx_word' id='word_1_185' title='bbox 2550 3582 2645 3640; x_wconf 90' lang='lat' dir='ltr'><strong>in-</strong></span> 
     </span>
     <span class='ocr_line' id='line_1_26' title="bbox 469 3662 2647 3752; baseline -0.001 -22"><span class='ocrx_word' id='word_1_186' title='bbox 469 3671 785 3748; x_wconf 84' lang='lat' dir='ltr'><strong>terpretari</strong></span> <span class='ocrx_word' id='word_1_187' title='bbox 838 3688 976 3732; x_wconf 76' lang='lat' dir='ltr'><strong>nos:</strong></span> <span class='ocrx_word' id='word_1_188' title='bbox 1036 3672 1298 3748; x_wconf 85' lang='lat' dir='ltr'><strong>stuprari</strong></span> <span class='ocrx_word' id='word_1_189' title='bbox 1340 3675 1388 3730; x_wconf 93' lang='lat' dir='ltr'>P</span> <span class='ocrx_word' id='word_1_190' title='bbox 1450 3668 1474 3752; x_wconf 82' lang='grc' dir='ltr'>Η</span> <span class='ocrx_word' id='word_1_191' title='bbox 1537 3673 1578 3729; x_wconf 89' lang='grc'>4</span> <span class='ocrx_word' id='word_1_192' title='bbox 1633 3671 1947 3748; x_wconf 83' lang='lat' dir='ltr'><strong>Apollinis</strong></span> <span class='ocrx_word' id='word_1_193' title='bbox 1990 3687 2128 3729; x_wconf 75' lang='lat' dir='ltr'><strong>nos:</strong></span> <span class='ocrx_word' id='word_1_194' title='bbox 2188 3669 2480 3746; x_wconf 82' lang='lat' dir='ltr'><strong>sapientis</strong></span> <span class='ocrx_word' id='word_1_195' title='bbox 2525 3671 2573 3728; x_wconf 96' lang='lat' dir='ltr'>P</span> <span class='ocrx_word' id='word_1_196' title='bbox 2627 3662 2647 3750; x_wconf 71' lang='lat' dir='ltr'>ss</span> 
     </span>
     <span class='ocr_line' id='line_1_27' title="bbox 471 3751 2647 3837; baseline -0.001 -21"><span class='ocrx_word' id='word_1_197' title='bbox 471 3758 508 3816; x_wconf 85' lang='lat'>9</span> <span class='ocrx_word' id='word_1_198' title='bbox 554 3759 836 3834; x_wconf 88' lang='lat' dir='ltr'><strong>uitemus‚</strong></span> <span class='ocrx_word' id='word_1_199' title='bbox 883 3779 959 3818; x_wconf 85' lang='lat' dir='ltr'><strong>ne</strong></span> <span class='ocrx_word' id='word_1_200' title='bbox 988 3779 1100 3818; x_wconf 84' lang='lat' dir='ltr'><strong>nos</strong></span> <span class='ocrx_word' id='word_1_201' title='bbox 1142 3773 1283 3817; x_wconf 77' lang='lat' dir='ltr'><strong>nos:</strong></span> <span class='ocrx_word' id='word_1_202' title='bbox 1329 3777 1452 3816; x_wconf 89' lang='lat' dir='ltr'><strong>non</strong></span> <span class='ocrx_word' id='word_1_203' title='bbox 1495 3761 1544 3816; x_wconf 91' lang='lat' dir='ltr'>P</span> <span class='ocrx_word' id='word_1_204' title='bbox 1584 3754 1610 3837; x_wconf 80' lang='grc' dir='ltr'><strong>ΙΙ</strong></span> <span class='ocrx_word' id='word_1_205' title='bbox 1657 3758 1738 3818; x_wconf 93' lang='grc'><strong>10</strong></span> <span class='ocrx_word' id='word_1_206' title='bbox 1782 3756 2197 3817; x_wconf 83' lang='lat' dir='ltr'><strong>formidulosis</strong></span> <span class='ocrx_word' id='word_1_207' title='bbox 2239 3759 2288 3815; x_wconf 93' lang='lat' dir='ltr'>P</span> <span class='ocrx_word' id='word_1_208' title='bbox 2328 3751 2354 3835; x_wconf 83' lang='grc' dir='ltr'><strong>ΙΙ</strong></span> <span class='ocrx_word' id='word_1_209' title='bbox 2402 3758 2479 3815; x_wconf 88' lang='grc'><strong>15</strong></span> <span class='ocrx_word' id='word_1_210' title='bbox 2527 3763 2647 3815; x_wconf 88' lang='lat' dir='ltr'><strong>ter-</strong></span> 
     </span>
     <span class='ocr_line' id='line_1_28' title="bbox 468 3843 2640 3921; baseline -0 -18"><span class='ocrx_word' id='word_1_211' title='bbox 468 3866 595 3903; x_wconf 82' lang='lat' dir='ltr'><strong>ram</strong></span> <span class='ocrx_word' id='word_1_212' title='bbox 641 3854 702 3904; x_wconf 83' lang='lat' dir='ltr'><strong>et</strong></span> <span class='ocrx_word' id='word_1_213' title='bbox 731 3845 963 3904; x_wconf 88' lang='lat' dir='ltr'><strong>caelum</strong></span> <span class='ocrx_word' id='word_1_214' title='bbox 993 3845 1136 3904; x_wconf 86' lang='lat' dir='ltr'><strong>licet</strong></span> <span class='ocrx_word' id='word_1_215' title='bbox 1167 3865 1272 3903; x_wconf 86' lang='lat' dir='ltr'><strong>sua</strong></span> <span class='ocrx_word' id='word_1_216' title='bbox 1302 3845 1550 3903; x_wconf 86' lang='lat' dir='ltr'><strong>materia</strong></span> <span class='ocrx_word' id='word_1_217' title='bbox 1579 3844 1963 3921; x_wconf 75' lang='lat' dir='ltr'><strong>suspenderit</strong></span> <span class='ocrx_word' id='word_1_218' title='bbox 1998 3844 2102 3903; x_wconf 89' lang='lat' dir='ltr'><strong>uel</strong></span> <span class='ocrx_word' id='word_1_219' title='bbox 2131 3843 2477 3902; x_wconf 80' lang='lat' dir='ltr'><strong>fundauerit</strong></span> <span class='ocrx_word' id='word_1_220' title='bbox 2503 3857 2640 3902; x_wconf 76' lang='lat' dir='ltr'><strong>nos:</strong></span> 
     </span>
     <span class='ocr_line' id='line_1_29' title="bbox 471 3931 2645 4008; baseline -0.001 -18"><span class='ocrx_word' id='word_1_221' title='bbox 471 3939 532 3990; x_wconf 91' lang='lat' dir='ltr'><strong>et</strong></span> <span class='ocrx_word' id='word_1_222' title='bbox 576 3933 807 3990; x_wconf 81' lang='lat' dir='ltr'><strong>caelum</strong></span> <span class='ocrx_word' id='word_1_223' title='bbox 851 3932 997 3990; x_wconf 90' lang='lat' dir='ltr'><strong>licet</strong></span> <span class='ocrx_word' id='word_1_224' title='bbox 1042 3951 1149 3990; x_wconf 81' lang='lat' dir='ltr'><strong>sua</strong></span> <span class='ocrx_word' id='word_1_225' title='bbox 1193 3931 1440 3990; x_wconf 86' lang='lat' dir='ltr'><strong>materia</strong></span> <span class='ocrx_word' id='word_1_226' title='bbox 1486 3932 1867 4008; x_wconf 86' lang='lat' dir='ltr'><strong>suspenderit</strong></span> <span class='ocrx_word' id='word_1_227' title='bbox 1908 3931 2055 3990; x_wconf 89' lang='lat' dir='ltr'><strong>licet</strong></span> <span class='ocrx_word' id='word_1_228' title='bbox 2098 3939 2316 3989; x_wconf 82' lang='lat' dir='ltr'><strong>terram</strong></span> <span class='ocrx_word' id='word_1_229' title='bbox 2354 3932 2645 3989; x_wconf 83' lang='lat' dir='ltr'><strong>fundaue-</strong></span> 
     </span>
     <span class='ocr_line' id='line_1_30' title="bbox 469 4012 2645 4096; baseline 0 -21"><span class='ocrx_word' id='word_1_230' title='bbox 469 4017 550 4076; x_wconf 86' lang='lat' dir='ltr'><strong>rit</strong></span> <span class='ocrx_word' id='word_1_231' title='bbox 593 4020 642 4076; x_wconf 89' lang='lat' dir='ltr'>P</span> <span class='ocrx_word' id='word_1_232' title='bbox 685 4013 710 4096; x_wconf 81' lang='grc' dir='ltr'><strong>Ι]</strong></span> <span class='ocrx_word' id='word_1_233' title='bbox 760 4017 839 4076; x_wconf 84' lang='grc'><strong>16</strong></span> <span class='ocrx_word' id='word_1_234' title='bbox 887 4026 946 4076; x_wconf 89' lang='lat' dir='ltr'><strong>et</strong></span> <span class='ocrx_word' id='word_1_235' title='bbox 987 4037 1148 4075; x_wconf 81' lang='lat' dir='ltr'><strong>mare</strong></span> <span class='ocrx_word' id='word_1_236' title='bbox 1196 4026 1256 4076; x_wconf 87' lang='lat' dir='ltr'><strong>et</strong></span> <span class='ocrx_word' id='word_1_237' title='bbox 1297 4019 1444 4076; x_wconf 88' lang='lat' dir='ltr'><strong>licet</strong></span> <span class='ocrx_word' id='word_1_238' title='bbox 1486 4021 1535 4077; x_wconf 93' lang='lat' dir='ltr'>P</span> <span class='ocrx_word' id='word_1_239' title='bbox 1591 4022 1725 4076; x_wconf 76' lang='lat' dir='ltr'><strong>ante</strong></span> <span class='ocrx_word' id='word_1_240' title='bbox 1766 4035 2049 4077; x_wconf 79' lang='lat' dir='ltr'><strong>rasuram</strong></span> <span class='ocrx_word' id='word_1_241' title='bbox 2086 4012 2111 4096; x_wconf 78' lang='grc' dir='ltr'><strong>ΙΙ</strong></span> <span class='ocrx_word' id='word_1_242' title='bbox 2162 4017 2241 4074; x_wconf 84' lang='grc'><strong>17</strong></span> <span class='ocrx_word' id='word_1_243' title='bbox 2288 4016 2645 4076; x_wconf 85' lang='lat' dir='ltr'><strong>confluxerit</strong></span> 
     </span>
     <span class='ocr_line' id='line_1_31' title="bbox 470 4102 2647 4182; baseline -0.001 -20"><span class='ocrx_word' id='word_1_244' title='bbox 470 4103 797 4162; x_wconf 66' lang='lat' dir='ltr'><strong>Daui-sius:</strong></span> <span class='ocrx_word' id='word_1_245' title='bbox 859 4103 1168 4163; x_wconf 82' lang='lat' dir='ltr'><strong>influxerit</strong></span> <span class='ocrx_word' id='word_1_246' title='bbox 1211 4106 1260 4161; x_wconf 92' lang='lat' dir='ltr'>P</span> <span class='ocrx_word' id='word_1_247' title='bbox 1313 4102 1337 4182; x_wconf 78' lang='grc' dir='ltr'><strong>ΙΙ</strong></span> <span class='ocrx_word' id='word_1_248' title='bbox 1396 4105 1477 4163; x_wconf 88' lang='grc'><strong>18</strong></span> <span class='ocrx_word' id='word_1_249' title='bbox 1522 4105 1995 4180; x_wconf 86' lang='lat' dir='ltr'><strong>superstitioque</strong></span> <span class='ocrx_word' id='word_1_250' title='bbox 2038 4117 2179 4161; x_wconf 74' lang='lat' dir='ltr'><strong>‘nost</strong></span> <span class='ocrx_word' id='word_1_251' title='bbox 2237 4123 2389 4177; x_wconf 82' lang='lat' dir='ltr'><strong>quae</strong></span> <span class='ocrx_word' id='word_1_252' title='bbox 2434 4121 2647 4178; x_wconf 85' lang='lat' dir='ltr'><strong>super-</strong></span> 
     </span>
     <span class='ocr_line' id='line_1_32' title="bbox 471 4185 2645 4268; baseline -0.001 -20"><span class='ocrx_word' id='word_1_253' title='bbox 471 4190 638 4249; x_wconf 88' lang='lat' dir='ltr'><strong>stitio</strong></span> <span class='ocrx_word' id='word_1_254' title='bbox 684 4193 733 4249; x_wconf 94' lang='lat' dir='ltr'>P</span> <span class='ocrx_word' id='word_1_255' title='bbox 775 4187 800 4268; x_wconf 83' lang='grc' dir='ltr'><strong>ΙΙ</strong></span> <span class='ocrx_word' id='word_1_256' title='bbox 842 4190 925 4250; x_wconf 85' lang='grc'><strong>20</strong></span> <span class='ocrx_word' id='word_1_257' title='bbox 966 4198 1037 4249; x_wconf 87' lang='lat' dir='ltr'><strong>ut</strong></span> <span class='ocrx_word' id='word_1_258' title='bbox 1064 4190 1300 4267; x_wconf 86' lang='lat' dir='ltr'><strong>uolunt,</strong></span> <span class='ocrx_word' id='word_1_259' title='bbox 1348 4192 1665 4249; x_wconf 80' lang='lat' dir='ltr'><strong>temeraria</strong></span> <span class='ocrx_word' id='word_1_260' title='bbox 1706 4209 1848 4252; x_wconf 79' lang='lat' dir='ltr'><strong>nos:</strong></span> <span class='ocrx_word' id='word_1_261' title='bbox 1896 4199 1964 4250; x_wconf 90' lang='lat' dir='ltr'><strong>ut</strong></span> <span class='ocrx_word' id='word_1_262' title='bbox 1992 4189 2335 4248; x_wconf 86' lang='lat' dir='ltr'><strong>uoluntaria</strong></span> <span class='ocrx_word' id='word_1_263' title='bbox 2363 4191 2412 4247; x_wconf 97' lang='lat' dir='ltr'>P</span> <span class='ocrx_word' id='word_1_264' title='bbox 2446 4185 2469 4265; x_wconf 73' lang='grc' dir='ltr'><strong>ΙΙ</strong></span> <span class='ocrx_word' id='word_1_265' title='bbox 2503 4208 2645 4246; x_wconf 91' lang='lat' dir='ltr'><strong>con-</strong></span> 
     </span>
     <span class='ocr_line' id='line_1_33' title="bbox 471 4267 2644 4355; baseline -0.001 -20"><span class='ocrx_word' id='word_1_266' title='bbox 471 4277 657 4335; x_wconf 87' lang='lat' dir='ltr'><strong>cretio</strong></span> <span class='ocrx_word' id='word_1_267' title='bbox 688 4279 737 4334; x_wconf 98' lang='lat' dir='ltr'>P</span> <span class='ocrx_word' id='word_1_268' title='bbox 767 4294 836 4334; x_wconf 77' lang='lat' dir='ltr'><strong>ex</strong></span> <span class='ocrx_word' id='word_1_269' title='bbox 865 4287 1141 4335; x_wconf 84' lang='lat' dir='ltr'><strong>concreto</strong></span> <span class='ocrx_word' id='word_1_270' title='bbox 1173 4293 1320 4336; x_wconf 77' lang='lat' dir='ltr'><strong>corr.</strong></span> <span class='ocrx_word' id='word_1_271' title='bbox 1364 4273 1390 4355; x_wconf 84' lang='grc' dir='ltr'><strong>ΙΙ</strong></span> <span class='ocrx_word' id='word_1_272' title='bbox 1433 4277 1513 4336; x_wconf 85' lang='grc'><strong>23</strong></span> <span class='ocrx_word' id='word_1_273' title='bbox 1545 4280 1661 4336; x_wconf 89' lang='lat' dir='ltr'><strong>hoc</strong></span> <span class='ocrx_word' id='word_1_274' title='bbox 1690 4277 1978 4336; x_wconf 88' lang='lat' dir='ltr'><strong>moliente</strong></span> <span class='ocrx_word' id='word_1_275' title='bbox 2007 4293 2145 4335; x_wconf 76' lang='lat' dir='ltr'><strong>nos:</strong></span> <span class='ocrx_word' id='word_1_276' title='bbox 2179 4295 2290 4334; x_wconf 91' lang='lat' dir='ltr'><strong>nec</strong></span> <span class='ocrx_word' id='word_1_277' title='bbox 2321 4274 2518 4334; x_wconf 89' lang='lat' dir='ltr'><strong>iudice</strong></span> <span class='ocrx_word' id='word_1_278' title='bbox 2549 4276 2597 4332; x_wconf 90' lang='lat' dir='ltr'>P</span> <span class='ocrx_word' id='word_1_279' title='bbox 2626 4267 2644 4354; x_wconf 84' lang='grc' dir='ltr'><strong>ΙΙ</strong></span> 
     </span>
    </p>
   </div>
  </div>
 </body>
</html>
