3309 5192
1583 563 2001 638 „32-

705 799 876 847 cum
932 775 1026 846 ad
1081 773 1375 846 caelum
1426 797 1690 845 manus
1743 774 2083 862 tendunt,
2150 771 2347 844 nihil
2398 771 2605 844 aliud
2659 796 2887 866 quam

708 897 776 968 ‘o
823 890 1026 968 deus'
1081 896 1339 967 dicunt
1387 902 1463 966 et
1509 895 1718 966 ‘deus
1763 917 2076 988 magnus
2124 893 2248 965 est'
2296 899 2373 965 et
2419 894 2624 966 ‘deus
2660 917 2885 965 uerus

705 1018 833 1088 est’
882 1024 959 1088 et
1005 1015 1091 1087 ‘si
1136 1017 1317 1088 deus
1368 1015 1701 1087 dederit’.
1791 1013 2005 1110 uulgi
2048 1014 2187 1086 iste
2235 1012 2595 1086 naturalis
2640 1037 2885 1086 sermo

706 1144 819 1210 est
869 1162 968 1210 an
1013 1135 1420 1208 Christiani
1475 1135 1897 1209 confitentis
1952 1134 2245 1208 oratio?
2318 1144 2393 1208 et
2444 1135 2578 1227 qui
2620 1133 2887 1206 Iouem

703 1256 1126 1351 principem
1172 1256 1462 1348 uolunt,
1519 1253 1889 1328 falluntur
1922 1254 2005 1328 in
2051 1254 2380 1345 nomine,
2438 1256 2570 1328 sed
2605 1256 2698 1327 de
2733 1278 2887 1326 una
2912 1285 2941 1325 5

603 1380 692 1450 19
704 1386 1072 1472 potestate
1141 1376 1638 1450 consentiunt.
1732 1375 1909 1447 audi
1970 1385 2231 1470 poetas
2294 1399 2597 1469 quoque
2649 1399 2888 1448 unum

703 1505 996 1592 patrem
1023 1495 1282 1569 diuum
1310 1505 1535 1591 atque
1562 1495 1956 1568 hominum
1979 1497 2521 1591 praedicante8‚
2554 1504 2629 1568 et
2656 1496 2889 1568 talem

709 1643 867 1691 esse
940 1617 1368 1690 mortalium
1433 1625 1763 1689 mentem
1832 1616 2138 1710 qualem
2206 1640 2478 1710 parens
2551 1616 2887 1689 omnium

638 1754 672 1806 2
708 1738 893 1811 moli
926 1737 1305 1811 indiderit.
1362 1736 1543 1831 quid
1570 1737 2034 1809 Mantuanus
2062 1736 2327 1809 Maro?
2381 1761 2633 1810 nonne
2670 1762 2888 1832 aper-

708 1860 855 1931 tius
892 1858 1308 1953 proximius
1343 1857 1594 1929 uerius
1622 1859 1769 1930 hoc
1798 1865 1908 1929 est
1931 1854 2355 1952 professus?
2409 1857 2882 1952 principi0‚
2914 1888 2969 1930 ιο

709 1981 834 2069 ait,
893 1979 1232 2051 caelum
1283 2003 1380 2050 ac
1433 1986 1713 2050 terras
1784 1986 1859 2050 et
1926 1986 2172 2050 cetera
2234 1978 2497 2050 mundi
2549 1981 2884 2051 membra

709 2100 1078 2194 spiritus
1124 2099 1356 2171 intus
1413 2098 1574 2170 alit
1611 2106 1687 2171 et
1719 2095 2012 2170 infusa
2047 2121 2282 2170 mens
2320 2099 2619 2194 agitat,
2676 2100 2887 2171 inde

709 2221 1164 2293 hominum
1198 2221 1812 2315 pecudumque
1848 2243 2125 2314 genus
2164 2228 2239 2291 et
2282 2219 2644 2312 quicquid
2682 2219 2887 2291 aliud

708 2341 1171 2413 animalium.
1260 2340 1462 2412 idem
1505 2339 1655 2412 alio
1704 2340 1871 2412 loco
1919 2347 2249 2411 mentem
2281 2339 2502 2411 istam
2549 2347 2625 2413 et
2669 2340 2889 2434 spiri-

710 2470 872 2534 tum
925 2463 1148 2533 deum
1200 2461 1560 2533 nominat.
1652 2461 1843 2532 haec
1896 2459 2101 2531 enim
2151 2461 2385 2532 uerba
2438 2467 2643 2532 sunt:
2916 2493 2970 2534 ιε

1413 2615 1620 2672 deum
1664 2635 1965 2689 namque
2011 2614 2119 2672 ire
2164 2635 2290 2690 per
2336 2633 2575 2674 omnes

1097 2719 1476 2784 terrasque
1522 2717 1945 2784 tractusque
1990 2708 2206 2768 maris
2253 2709 2674 2784 caelumque
2719 2729 2889 2786 pro-

2438 2805 2752 2863 fundum.

639 2957 676 3012 3
711 2943 895 3036 quid
949 2943 1154 3014 aliud
1211 2952 1286 3016 et
1338 2943 1652 3016 anobis
1708 2943 1891 3016 deus
1946 2966 2172 3036 quam
2227 2966 2438 3014 mens
2476 2951 2551 3014 et
2584 2943 2775 3016 ratio
2815 2951 2889 3015 et

712 3063 1017 3159 spiritus
1083 3064 1606 3159 praedicatur?
1683 3086 2223 3154 recenseamus,
2302 3063 2365 3135 si
2435 3061 2707 3157 placet,
2784 3063 2893 3133 di·
2920 3089 2975 3133 20

711 3185 1065 3280 sciplinas
1101 3185 1757 3280 philosophorum:
1816 3185 2331 3278 deprehendes
2370 3207 2517 3274 eOS,
2570 3185 2707 3256 etsi
2743 3207 2897 3254 ser-

713 3307 1060 3379 monibus
1127 3307 1395 3395 uarios,
1462 3306 1643 3400 ipsis
1699 3314 1953 3378 tamen
2005 3306 2228 3377 rebus
2280 3303 2363 3376 in
2414 3304 2612 3376 hanc
2664 3329 2895 3376 unam

643 3440 678 3493 4
715 3427 915 3499 coire
973 3435 1047 3499 et
1100 3426 1527 3520 conspirare
1581 3424 2049 3499 sententiam.
2136 3425 2398 3497 omitto
2451 3424 2624 3497 illos
2673 3426 2896 3497 rudes

868 3685 905 3742 2
953 3703 989 3742 o
1025 3684 1173 3744 deus
1216 3683 1642 3743 Baehrmsius:
1694 3683 1874 3741 deum
1918 3683 1967 3740 P
1998 3677 2024 3760 ΙΙ
2056 3681 2159 3740 (1ιῇ
2189 3703 2370 3742 uerus
2400 3683 2449 3740 P
2494 3699 2641 3742 corr.
2674 3681 2745 3742 im
2784 3682 2896 3740 diis

715 3790 897 3829 uerus
929 3765 954 3850 ΙΙ
987 3771 1024 3828 6
1072 3771 1216 3829 audi
1258 3769 1540 3829 Ursinus:
1591 3769 1773 3828 audio
1804 3770 1853 3827 P
1894 3763 1919 3847 ΙΙ
1966 3769 2004 3828 9
2050 3768 2201 3827 moli
2230 3767 2521 3828 indiderit
2546 3783 2687 3828 nos:
2734 3767 2896 3826 diem

715 3858 956 3916 duxerit
998 3857 1047 3914 P
1089 3853 1116 3936 Π
1172 3856 1254 3915 10
1297 3858 1414 3915 hoc
1459 3865 1552 3915 est
1594 3857 1902 3933 professus
1943 3873 2057 3914 nos
2098 3855 2469 3914 meruimus
2508 3850 2535 3934 Η
2584 3855 2663 3913 15
2710 3857 2897 3913 uerba

726 3942 1015 4002 Ursmus:
1049 3963 1194 4002 uera
1216 3943 1265 4000 P
1296 3937 1321 4022 Η
1358 3944 1435 4002 17
1468 3941 1540 4002 in
1568 3943 1617 4000 P
1635 3946 1781 4018 post
1806 3943 2173 4019 profundum
2200 3941 2439 4000 additur
2458 3956 2697 4000 uersus:
2736 3941 2897 3999 unde

717 4030 995 4088 homines
1042 4038 1102 4089 et
1145 4030 1428 4106 pecudes,
1488 4030 1649 4088 unde
1695 4029 1889 4088 imber
1944 4037 2005 4088 et
2060 4029 2251 4106 ignes,
2307 4027 2414 4104 qui
2454 4027 2897 4088 contammata-s

715 4120 802 4174 cst
843 4133 912 4174 cx
955 4114 1112 4192 Vcry.
1151 4115 1353 4192 Geory.
1389 4117 1450 4194 4,
1488 4115 1612 4175 223
1657 4116 1803 4174 hinc
1846 4115 2127 4193 pecudes,
2175 4121 2443 4174 armenta
2470 4115 2657 4191 uiros,
2706 4133 2896 4190 genus
2988 4125 2994 4134 ’

718 4222 894 4261 omne
924 4204 1184 4262 ferarum
1215 4199 1240 4282 ΙΙ
1284 4205 1363 4264 19
1410 4199 1466 4283 a]
1497 4203 1571 4260 ad
1601 4203 1650 4260 P
1680 4206 1813 4260 ante
1839 4219 2122 4260 rasuram
2152 4198 2177 4281 ss
2220 4200 2317 4260 20-
2350 4201 2704 4278 disciplinas
2733 4199 2897 4258 Heu-

620 4300 625 4305 “
714 4305 1006 4350 mannus:
1057 4289 1443 4366 disciplinam
1488 4290 1537 4347 P
1569 4284 1594 4368 ΙΙ
1627 4290 1709 4347 22
1755 4289 1958 4348 uarios
1987 4286 2301 4346 Halmius:
2349 4287 2535 4347 uariis
2579 4287 2628 4344 P
2659 4282 2685 4366 ΙΙ
