3309 5192
1279 547 1693 620 -11—

397 781 798 829 uenenum.
893 779 1069 828 ecce
1134 756 1437 828 arbusta
1495 752 1877 850 frugifera,
1955 781 2129 828 ecce
2181 758 2335 831 iam
2390 783 2577 832 cana
2612 777 2681 832 13

399 901 629 973 segeS,
687 877 839 948 iam
891 875 1312 948 temulenta
1342 875 1729 947 uindemia
1780 876 2005 948 imbri
2048 879 2570 973 corrumpitur,

396 997 762 1094 grandine
815 996 1176 1068 caeditur.
1267 996 1456 1066 adeo
1511 1004 1640 1066 aut
1692 996 1981 1068 sincera
2031 997 2247 1069 nobis
2300 999 2576 1072 ueritas

402 1116 819 1190 occultatur
872 1122 947 1187 et
982 1113 1350 1208 premitur
1386 1124 1534 1205 aut,
1593 1116 1798 1208 quod
1832 1115 2069 1210 magis
2122 1118 2574 1190 credendum

344 1268 370 1308 ⁵
401 1246 533 1326 est,
593 1237 820 1308 uariis
858 1245 932 1309 et
965 1233 1272 1306 lubricis
1311 1236 1604 1308 casibus
1641 1235 1885 1309 soluta
1928 1235 2223 1333 legibus
2278 1234 2578 1310 fortuna

402 1357 846 1430 dominatur.
939 1381 1110 1428 cum
1161 1355 1391 1452 igitur
1441 1365 1570 1429 aut
1604 1353 1906 1430 fortuna
1941 1355 2229 1430 incerta
2280 1365 2412 1430 aut
2445 1382 2580 1429 na·
2609 1368 2654 1433 6

399 1487 567 1551 tura
628 1477 740 1566 sit,
813 1486 1091 1570 quanto
1156 1476 1666 1549 uenerabilius
1729 1501 1816 1549 ac
1879 1475 2169 1567 melius,
2238 1478 2579 1551 ueritatis

402 1598 763 1669 maiorum
821 1597 1171 1692 excipere
1229 1596 1725 1692 disciplinam,
1790 1597 2195 1693 religiones
2259 1621 2399 1692 per
2451 1623 2579 1670 an-

398 1719 666 1791 tistites
703 1718 1010 1791 traditas
1048 1717 1318 1808 colere,
1363 1720 1561 1809 deos,
1620 1741 1809 1811 quos
1846 1743 1892 1788 a
1928 1719 2365 1812 parentibus
2402 1728 2577 1790 ante

318 1868 369 1909 ¹0
394 1839 701 1912 inbutus
757 1863 836 1910 es
889 1838 1154 1911 timere
1193 1862 1419 1932 quam
1472 1861 1690 1911 nosse
1744 1836 2210 1929 familiariuS‚
2246 1841 2578 1912 -adorare

395 1984 536 2032 nec
595 1961 687 2031 de
725 1958 1162 2031 numinibus
1199 1957 1328 2030 uel
1378 1959 1614 2052 ipsius
1653 1960 1916 2031 mundi
1967 1958 2343 2032 natalibus
2380 1957 2575 2032 ferre

395 2079 867 2168 sententiam,
927 2080 1058 2150 sed
1111 2079 1485 2172 prioribus
1541 2080 1866 2170 credere,
1924 2080 2059 2172 qui
2111 2081 2356 2152 adhuc
2409 2082 2580 2153 rudi

397 2198 699 2272 saeculo
754 2207 1193 2272 meruerunt
1246 2198 1374 2272 uel
1416 2200 1592 2272 deos
1629 2198 1891 2272 faciles
1944 2200 2223 2273 habere
2277 2202 2407 2273 uel
2459 2225 2576 2274 re-

397 2320 574 2416 ges‘?
645 2320 822 2393 inde
886 2320 1073 2392 adeo
1140 2343 1280 2413 per
1349 2319 1701 2392 uniuersa
1768 2320 2088 2414 imperia
2150 2322 2577 2414 prouincias

319 2471 370 2512 15
399 2441 680 2535 oppida
742 2440 1086 2513 uidemus
1149 2439 1482 2535 singulos
1553 2464 1935 2513 sacrorum
2003 2441 2191 2514 ritus
2259 2442 2577 2536 gentiles

398 2562 679 2634 habere
757 2570 834 2634 et
914 2564 1088 2634 deos
1165 2560 1414 2633 colere
1488 2561 1928 2655 municipes,
2003 2569 2089 2634 ut
2152 2561 2578 2634 Eleusinios

401 2681 774 2773 Cererem,
807 2681 1146 2778 Phrygas
1162 2682 1511 2771 Matrem,
1545 2681 1994 2776 Epidaurios
2011 2682 2572 2776 Aesculapium,

402 2801 817 2875 Chaldaeos
854 2803 1146 2892 Belum,
1184 2803 1537 2875 Astarten
1573 2802 1817 2898 Syros,
1875 2803 2201 2875 Dianam
2237 2803 2571 2894 TauriOS,

404 2922 668 2994 Gallos
741 2921 1228 3012 Mercurium,
1312 2924 1751 2995 uniuersum
1833 2947 2103 3018 agmen
2170 2922 2571 2995 Romanos.

317 3073 374 3117 πο
400 3043 505 3114 sic
561 3067 821 3116 eorum
874 3052 1202 3138 potestas
1276 3051 1350 3115 et
1411 3043 1813 3117 auctoritas
1876 3043 2104 3116 totius
2167 3043 2366 3116 orbis
2420 3068 2575 3114 am-
2613 3066 2647 3118 2

398 3164 643 3236 bitum
715 3164 1137 3258 occupauit,
1213 3163 1320 3235 sic
1388 3164 1793 3256 imperium
1856 3187 2072 3235 suum
2145 3162 2341 3235 ultra
2405 3163 2581 3236 solis

400 3285 560 3356 uias
616 3292 691 3357 et
724 3284 960 3378 ipsius
1000 3285 1263 3356 oceani
1296 3284 1572 3357 limites
1620 3283 2089 3378 propagauit,
2151 3284 2328 3355 dum
2366 3292 2582 3356 exer·-

399 3412 572 3476 cent
642 3405 725 3477 in
790 3405 1014 3476 armis
1093 3405 1452 3478 uirtutem
1523 3403 1973 3500 religiosam,
2059 3406 2237 3476 dum
2316 3406 2581 3476 urbem

553 3579 587 3635 1
641 3597 784 3635 cana
815 3597 986 3654 seges
1031 3577 1459 3637 Hemnannus:
1509 3597 1680 3655 seges
1725 3596 1869 3635 cana
1912 3578 1960 3634 P
2007 3571 2031 3654 Η
2079 3575 2117 3634 3
2164 3576 2396 3636 sincera
2438 3594 2576 3635 nos:

398 3663 626 3722 incerta
670 3666 719 3722 P
760 3660 786 3742 ΙΙ
846 3664 882 3721 6
931 3664 1159 3722 incerta
1203 3671 1308 3722 aut
1350 3679 1485 3723 nos:
1549 3673 1712 3723 certa
1755 3670 1857 3721 aut
1899 3662 2126 3721 incerta
2170 3665 2219 3720 P
2260 3661 2283 3740 ΙΙ
2335 3664 2370 3720 7
2420 3664 2581 3721 ueri-

398 3749 540 3810 tatis
570 3765 708 3809 nos:
743 3750 1048 3808 antistites
1077 3750 1353 3809 ueritatis
1383 3753 1431 3809 P
1472 3747 1497 3828 ΙΙ
1543 3751 1583 3808 8
1613 3749 1946 3826 religiones
1974 3769 2082 3826 per
2111 3750 2413 3808 antistites
2442 3765 2575 3808 nos:

397 3837 725 3913 religiones
756 3839 805 3894 P
845 3836 918 3912 cf.
951 3853 1013 3894 u.
1052 3837 1087 3894 7
1131 3833 1154 3913 ΙΙ
1206 3836 1286 3896 10
1329 3837 1607 3896 estimere
1653 3833 1953 3914 (estimere
1994 3853 2076 3893 m.
2112 3832 2173 3912 2)
2205 3839 2254 3895 Ρ
2294 3831 2319 3914 Η
2368 3838 2441 3895 11
2481 3837 2580 3894 uel

396 3923 594 3998 ipsius
638 3923 851 3982 mundi
893 3923 1195 3982 natalibus
1238 3939 1375 3982 nos:
1425 3925 1488 3982 in
1534 3923 1729 4000 ipsius
1765 3923 1977 3980 mundi
2024 3917 2191 4000 (corr.
2226 3940 2255 3981 e
2298 3919 2579 4000 mundus)

396 4009 702 4068 natalibus
746 4011 816 4088 P,
863 4027 1012 4085 quas
1053 4008 1337 4068 vocabula
1381 4008 1650 4086 leyumur
1682 4012 1825 4084 post
1863 4009 2005 4067 rudi
2034 4009 2273 4066 saeculo
2307 4005 2385 4084 (u.
2423 4007 2523 4084 12)
2561 4001 2581 4089 ΙΙ

401 4095 480 4154 13
531 4096 633 4154 uel
663 4096 809 4155 deos
838 4111 976 4154 nos:
1026 4097 1171 4155 deos
1202 4095 1303 4154 uel
1332 4099 1380 4154 P
1421 4093 1447 4175 Η
1493 4097 1570 4155 16
1616 4105 1687 4155 ut
1730 4110 1790 4154 r:
1841 4105 1902 4154 et
1942 4096 1991 4152 P
2032 4089 2056 4171 ΙΙ
2103 4094 2181 4152 19
2228 4094 2581 4152 uniuersum

398 4201 610 4258 agmen
662 4199 807 4346 ηοεῂ
859 4182 1204 4241 uniuersam
1252 4181 1333 4260 (m
1377 4179 1565 4262 erasa)
1611 4186 1661 4241 P
1710 4177 1734 4260 Η
1780 4180 1864 4240 20
1917 4180 2211 4238 ambitum
2262 4179 2577 4239 Halmius:

395 4268 656 4326 ambitus
701 4270 750 4325 P
