3309 5192
1584 529 2001 602 -70-

602 761 669 816 11
708 741 984 812 uirtute
1053 738 1596 835 distinguimur.
1690 761 1825 810 nos
1898 739 2146 833 igitur,
2217 740 2348 832 qui
2418 741 2747 813 moribus
2813 750 2887 812 et

707 861 992 954 pudore
1031 883 1441 951 censemur,
1482 860 1748 931 merito
1786 858 2001 930 malis
2028 859 2543 953 uoluptatibus
2572 869 2646 934 et
2672 884 2885 954 pom-

708 982 823 1074 pis
891 981 1158 1052 uestris
1226 990 1300 1055 et
1363 979 1813 1075 spectaculis
1876 981 2351 1071 abstinemus,
2428 1005 2748 1074 quorum
2812 991 2887 1054 et

709 1102 800 1172 de
857 1101 1080 1173 sacris
1137 1102 1500 1197 originem
1552 1101 1902 1173 nouimus
1958 1109 2034 1173 et
2084 1102 2313 1172 noxia
2374 1102 2887 1174 blandimenta

710 1223 1168 1294 damnamus,
1287 1246 1461 1293 nam
1549 1222 1630 1293 in
1710 1221 1906 1293 ludis
1986 1221 2408 1293 currulibus
2486 1223 2654 1314 quis
2732 1247 2886 1294 non
2913 1253 2939 1292 5

706 1343 1008 1415 horreat
1060 1341 1327 1436 populi
1379 1343 1576 1414 inter
1629 1366 1708 1414 se
1761 1341 2075 1414 rixantis
2121 1343 2532 1414 insaniam?
2602 1343 2682 1414 in
2728 1342 2888 1438 gla-

603 1486 671 1539 12
710 1463 1042 1536 diatoriis
1103 1462 1492 1534 homicidii
1557 1461 2081 1555 disciplinam?
2146 1463 2228 1532 in
2294 1464 2607 1535 scenicis
2663 1464 2888 1535 etiam

709 1607 864 1655 non
908 1584 1153 1654 minor
1201 1579 1409 1654 furor
1457 1591 1534 1655 et
1567 1583 1954 1675 turpitudo
1991 1582 2388 1676 prolixior;
2446 1608 2648 1656 nunc
2688 1586 2889 1656 enim

709 1704 978 1775 mimus
1051 1702 1181 1774 uel
1252 1703 1565 1797 exponit
1629 1701 1997 1775 adulteria
2049 1702 2177 1774 uel
2230 1713 2610 1794 monstrat,
2686 1729 2888 1777 nunc

711 1825 1005 1896 eneruis
1066 1824 1329 1895 histrio
1393 1847 1725 1896 amorem
1788 1824 1967 1894 dum
2030 1823 2266 1920 fingit,
2339 1826 2614 1921 infigit;
2688 1827 2891 1898 idem
2918 1854 2971 1897 ιο

713 1946 890 2016 deos
971 1953 1256 2016 uestros
1337 1944 1720 2016 induendo
1791 1968 1929 2038 per
2002 1952 2259 2039 stupra
2330 1947 2649 2040 suspiria
2719 1947 2892 2018 odia

711 2066 1128 2155 dedecorat,
1167 2065 1370 2137 idem
1407 2065 1771 2138 simulatis
1809 2066 2189 2139 doloribus
2224 2066 2570 2138 lacrimas
2606 2079 2891 2140 uestras

673 2233 678 2237 -
710 2187 923 2258 uanis
961 2187 1289 2281 gestibus
1341 2193 1416 2257 et
1457 2187 1764 2258 nutibus
1800 2196 2192 2280 prouocat:
2252 2189 2357 2258 sic
2401 2186 2891 2259 homicidium

607 2314 698 2383 38
713 2305 794 2377 in
865 2330 1047 2378 uero
1113 2306 1483 2402 flagitatis,
1556 2307 1637 2378 in
1700 2309 2090 2380 mendacio
2142 2308 2357 2380 fletis.
2452 2308 2654 2398 quod
2706 2331 2888 2380 uero

712 2427 1242 2498 sacrificiorum
1306 2426 1665 2520 reliquias
1722 2434 1808 2500 'et
1853 2412 2277 2522 'poculenta
2331 2427 2658 2499 delibata
2714 2452 2890 2501 con-
2918 2459 2970 2499 15

712 2548 1134 2637 temnimus,
1216 2571 1369 2619 non
1451 2545 1816 2620 confessio
1890 2550 2175 2622 timoris
2248 2557 2379 2638 est,
2464 2550 2593 2621 sed
2666 2573 2891 2621 uerae

710 2666 1078 2738 libertatis
1145 2669 1489 2740 adsertio.
1598 2693 1775 2738 nam
1841 2670 1979 2741 etsi
2033 2693 2254 2742 omne
2310 2670 2511 2762 quod
2564 2670 2895 2742 nascitur

714 2794 799 2857 ut
842 2787 1284 2859 inuiolabile
1333 2788 1455 2859 dei
1498 2813 1769 2860 munus
1815 2789 2027 2861 nullo
2077 2813 2304 2883 opere
2352 2791 2887 2882 conrumpitur,

714 2907 1172 2980 abstinemus
1218 2916 1495 2998 tamen,
1551 2934 1647 2981 ne
1706 2910 1870 3002 quis
1924 2933 2060 2982 nos
2116 2911 2490 2982 existimet
2542 2919 2670 2983 aut
2725 2912 2895 2981 dae-

715 3029 1006 3118 moniiS,
1065 3029 1336 3121 quibus
1371 3028 1691 3101 libatum
1730 3038 1859 3120 est,
1920 3032 2185 3103 cedere
2222 3040 2352 3103 aut
2385 3039 2680 3103 nostrae
2717 3030 2895 3103 reli-
2922 3061 2975 3103 20

639 3167 677 3220 2
716 3147 957 3243 gionis
1011 3149 1320 3242 pudere.
1404 3150 1571 3241 quis
1619 3159 1872 3222 autem
1915 3150 2047 3223 ille
2094 3153 2226 3243 qui
2271 3152 2581 3239 dubitat,
2640 3151 2894 3222 uernis

715 3269 1106 3365 indulgere
1141 3294 1276 3342 nos
1303 3270 1634 3361 floribUS,
1678 3296 1849 3344 cum
1880 3295 2269 3364 carpamus
2307 3280 2381 3343 et
2416 3295 2660 3343 rosam
2698 3271 2894 3341 ueris

716 3398 792 3462 et
831 3389 1079 3462 lilium
1117 3399 1191 3464 et
1226 3392 1584 3485 quicquid
1622 3391 1830 3463 aliud
1863 3391 1942 3462 in
1978 3391 2286 3464 floribus
2320 3390 2582 3462 blandi
2619 3388 2888 3462 coloris

719 3520 794 3583 et
847 3513 1094 3583 odoris
1149 3517 1306 3586 est‘?
1377 3512 1495 3584 his
1552 3513 1755 3584 enim
1811 3520 1886 3584 et
1930 3512 2201 3605 sparsis
2244 3512 2526 3584 utimur
2572 3535 2658 3582 ac
2696 3509 2897 3582 solu-

717 3632 811 3702 tis
849 3640 924 3705 et
959 3633 1172 3704 sertis
1208 3632 1559 3705 mollibus
1597 3631 1794 3704 colla
1831 3632 2395 3726 conplectimur.
2488 3655 2665 3703 sane
2695 3631 2895 3723 quod
2922 3666 2975 3708 25

872 3821 910 3879 6
956 3822 1115 3880 inter
1158 3820 1606 3882 Hmamzusz.
1632 3823 1699 3881 in
1742 3825 1791 3881 P
1838 3817 1863 3899 ΙΙ
1907 3822 1947 3880 8
1992 3822 2159 3880 furor
2203 3828 2263 3878 et
2305 3819 2634 3879 Maur-sius:
2695 3822 2896 3878 furore

719 3910 768 3966 P
816 3904 841 3987 ΙΙ
887 3907 969 3967 10
1021 3909 1222 3986 infigit
1267 3926 1605 3984 anonymus
1649 3907 2000 3968 Parisinus:
2060 3907 2288 3983 infligit
2330 3909 2378 3964 P
2425 3903 2451 3984 ΙΙ
2502 3908 2579 3965 11
2637 3927 2746 3982 per
2788 3923 2899 3964 nos

719 3993 1094 4053 inseruimus
1133 3991 1158 4075 ΙΙ
1202 3996 1282 4054 15
1327 3997 1648 4071 poculenta
1690 4011 1828 4055 nos:
1875 3994 2093 4072 pocula
2136 3996 2184 4051 P
2216 3990 2241 4072 ΙΙ
2275 3986 2654 4052 contemnim’
2687 3995 2755 4068 P,
2801 3991 2902 4050 sed

721 4075 826 4138 im’
859 4081 930 4140 in
956 4100 1078 4140 ras,
1111 4100 1194 4141 m.
1232 4083 1292 4141 2.
1327 4077 1352 4160 ΙΙ
1403 4082 1481 4141 19
1525 4101 1638 4140 nos
1683 4079 1913 4139 addidit
1941 4080 2347 4139 Heumannus
2389 4076 2414 4159 ΙΙ
2464 4080 2544 4137 22
2593 4097 2901 4155 carpamus

724 4165 1102 4226 Stcwechius:
1153 4169 1456 4246 capiamus
1501 4171 1549 4226 P
1594 4163 1619 4247 ΙΙ
1666 4167 1747 4225 25
1793 4167 2081 4226 mollibus
2114 4171 2258 4242 post
2296 4167 2525 4225 utimur
2568 4168 2635 4242 P,
2690 4181 2903 4222 uerum

723 4252 991 4312 ordinem
1036 4255 1290 4314 restituit
1331 4253 1695 4314 Dombartus
1728 4251 1752 4334 Η
