3309 5192
1315 553 1729 627 ,ξπ-

437 762 822 835 nonnullis
857 759 1163 834 Africae
1200 763 1539 858 partibus
1576 789 1620 835 a
1653 765 2092 858 parentibus
2121 763 2444 840 infantes
2480 769 2615 840 im-

438 882 934 970 molabantur,
992 882 1373 957 blanditiis
1422 893 1497 957 et
1533 883 1789 956 osculo
1828 887 2369 980 comprimente
2404 889 2616 983 uagi-

437 1013 619 1094 tum,
675 1027 772 1074 ne
826 1003 1100 1076 flebilis
1153 1003 1398 1077 hostia
1443 1002 1979 1077 immolaretur.
2069 1007 2335 1080 Tauris
2390 1008 2616 1081 etiam
2651 1024 2684 1076 4

439 1122 773 1196 Ponticis
839 1134 913 1197 et
972 1125 1349 1220 Aegyptio
1411 1124 1744 1197 Busiridi
1815 1127 2000 1198 ritus
2076 1123 2221 1201 fuit
2281 1128 2615 1222 hospites

384 1277 410 1316 5
437 1242 850 1334 immolare,
893 1253 966 1316 et
1000 1244 1385 1318 Mercurio
1425 1245 1670 1318 Gallis
1704 1246 2070 1319 humanas
2105 1247 2235 1319 uel
2268 1248 2617 1320 inhuma-

436 1388 570 1436 nas
623 1364 968 1436 uictimas
1018 1367 1352 1456 caedere,
1409 1366 1770 1439 Romanis
1816 1367 2195 1439 Graecum
2249 1377 2324 1440 et
2376 1368 2614 1441 Grae-

440 1508 624 1575 cam,
669 1485 980 1557 Gallum
1020 1495 1094 1558 et
1121 1485 1426 1558 Gallam
1460 1487 1809 1561 uiuentes
1848 1490 2198 1571 obruere;
2237 1488 2615 1582 hodieque

440 1607 533 1676 ab
568 1606 752 1698 ipsis
787 1605 1106 1678 Latiaris
1134 1606 1480 1701 Iuppiter
1515 1607 1904 1680 homicidii
1942 1608 2305 1681 sacrificio
2347 1608 2618 1683 colitur

442 1733 536 1816 et,
611 1728 816 1819 quod
869 1726 1171 1799 Saturni
1232 1727 1391 1799 filio
1449 1727 1759 1823 dignum
1827 1736 1957 1820 est,
2029 1728 2209 1801 mali
2279 1739 2355 1803 et
2406 1731 2617 1804 noxii

364 1878 413 1920 ιο
439 1846 764 1918 hominis
811 1849 1172 1943 sanguine
1209 1849 1614 1944 saginatur.
1696 1849 1947 1942 ipsum
2000 1851 2223 1923 credo
2279 1852 2617 1924 docuisse
2654 1867 2689 1918 5

441 1967 820 2062 sanguinis
874 1965 1177 2040 foedere
1226 1970 1616 2041 coniurare
1666 1968 2069 2041 Catilinam
2114 1979 2188 2043 et
2222 1970 2621 2044 Bellonam

439 2101 732 2159 sacrum
797 2112 1015 2160 suum
1075 2088 1350 2162 haustu
1411 2089 1726 2161 humani
1798 2091 2079 2162 cruoris
2139 2091 2479 2165 imbuere
2546 2102 2621 2165 et
2719 2095 2721 2097 ’

441 2211 892 2284 comitialem
931 2211 1272 2282 morbum
1308 2209 1634 2282 hominis
1672 2210 2057 2306 sanguine,
2094 2211 2173 2283 id
2211 2221 2323 2284 est
2357 2215 2617 2284 morbo

439 2332 804 2426 grauiore,
862 2355 1147 2403 sanare.
1237 2355 1391 2402 non
1446 2331 1841 2403 dissimiles
1896 2333 1967 2403 ei
2013 2332 2144 2424 qui
2170 2333 2175 2339 ’
2198 2333 2290 2404 de
2337 2332 2620 2405 harena
2654 2347 2690 2400 6

361 2481 412 2523 15
440 2450 632 2524 feras
688 2455 1054 2525 deuorant
1103 2451 1356 2524 inlitas
1411 2459 1487 2525 et
1537 2449 1855 2524 infectas
1908 2475 2169 2524 cruore
2215 2452 2343 2524 uel
2387 2477 2623 2526 mem-

438 2573 589 2646 bris
620 2574 946 2646 hominis
975 2580 1050 2645 et
1074 2573 1361 2644 uiscere
1400 2571 1793 2667 saginatas.
1885 2573 2101 2645 nobis
2129 2573 2622 2646 homicidium

438 2718 534 2766 ne
588 2695 668 2765 in
735 2693 1026 2767 theatro
1097 2693 1401 2786 quidem
1455 2717 1597 2764 nec
1658 2693 1918 2764 uidere
1975 2691 2085 2764 sas
2139 2717 2279 2766 nec
2334 2695 2615 2784 audire,

439 2823 882 2907 tantumque
936 2816 1030 2885 ab
1087 2814 1293 2886 omni
1348 2813 1652 2886 omnino
1708 2815 2068 2909 sanguine
2108 2838 2481 2904 cauemUS,
2538 2824 2624 2887 ut

438 2959 581 3007 nec
637 2935 975 3007 edulium
1035 2957 1397 3028 pecorum
1447 2934 1530 3004 in
1585 2935 1771 3006 cibis
1825 2935 2267 3029 sanguinem
2318 2935 2623 3007 noueri-

359 3083 412 3126 20
439 3078 627 3127 mus,
686 3064 761 3128 et
790 3057 881 3128 de
905 3056 1188 3127 incesto
1219 3055 1572 3127 conuiuio
1602 3052 1938 3126 fabulam
1966 3059 2324 3150 grandem
2356 3056 2617 3126 aduer-
2635 3063 2724 3129 31

439 3201 560 3249 sus
614 3201 752 3248 nos
817 3177 1266 3249 daemonum
1321 3175 1545 3246 coitio
1601 3175 1915 3246 mentita
1970 3182 2100 3264 est,
2166 3184 2253 3247 ut
2304 3174 2621 3270 gloriam

439 3296 848 3391 pudicitiae
906 3293 1258 3369 deformis
1310 3292 1667 3366 infamiae
1712 3295 2141 3388 aspersione
2186 3295 2619 3384 macularet,

438 3424 525 3488 ut
544 3425 714 3489 ante
736 3417 1204 3511 exploratam
1231 3417 1626 3488 ueritatem
1655 3414 1997 3487 homines
2025 3439 2070 3486 a
2095 3414 2311 3486 nobis
2338 3423 2621 3487 terrore

593 3657 630 3716 3
674 3658 1089 3716 immolaretur
1130 3655 1411 3716 Ursinus:
1451 3657 1837 3714 immolaetur
1865 3655 1914 3712 P
1954 3651 1979 3735 ΙΙ
2022 3653 2059 3714 5
2098 3655 2294 3715 Gallis
2337 3654 2625 3730 Wopken-

439 3742 599 3803 sius:
657 3745 852 3820 gallos
896 3744 945 3802 P
986 3738 1012 3823 ΙΙ
1054 3742 1091 3801 6
1138 3745 1429 3802 Romanis
1473 3740 1793 3801 Vonckius:
1857 3742 2093 3800 romani
2134 3742 2184 3799 P
2226 3738 2251 3821 ΙΙ
2297 3742 2332 3799 7
2382 3743 2624 3801 Gallam

439 3831 718 3888 uiuentes
761 3845 898 3889 nos:
949 3831 1188 3888 Gallam
1219 3829 1498 3888 sacrificii
1526 3829 1807 3887 uiuentes
1850 3829 1899 3886 P
1940 3824 1965 3907 Η
2008 3829 2046 3887 8
2091 3828 2409 3888 homicidii
2440 3830 2623 3887 sacri-

437 3918 576 3975 ficio
621 3931 759 3975 nos:
823 3916 1152 3974 homicidio
1198 3915 1247 3972 P
1301 3915 1374 3991 cf.
1409 3932 1469 3972 u.
1507 3917 1542 3973 7
1599 3911 1624 3994 Η
1678 3917 1760 3972 14
1807 3915 1865 3972 ei
1908 3913 2339 3973 Baehremius:
2398 3922 2459 3973 et
2502 3915 2550 3972 P
2604 3907 2625 3996 Η

444 4002 523 4060 15
569 4002 820 4062 infectas
863 4018 923 4062 r:
971 4003 1230 4060 infactus
1273 4002 1323 4059 P
1363 3998 1388 4081 ΙΙ
1441 4002 1518 4059 17
1566 4022 1642 4059 ne
1688 4003 1754 4059 in
1799 4002 2031 4059 theatro
2079 4001 2325 4076 quidem
2368 4018 2479 4059 nos
2522 4000 2620 4059 in-

437 4088 738 4148 seruimus
769 4085 794 4168 Η
824 4089 1062 4148 uideret
1091 4085 1138 4164 (t
1167 4083 1356 4166 erasa)
1389 4087 1438 4144 P
1480 4083 1506 4166 ΙΙ
1553 4087 1633 4146 18
1682 4087 1847 4147 omni
1878 4087 2123 4145 omnino
2170 4101 2313 4145 nos:
2359 4088 2619 4145 humano

438 4178 487 4233 P
528 4173 552 4255 ΙΙ
597 4175 680 4234 20
723 4177 1010 4234 aduersus
1053 4189 1191 4234 nos:
1241 4177 1561 4232 aduersum
1604 4174 1653 4231 P
1694 4169 1719 4252 Η
1770 4175 1849 4232 21
1900 4174 2085 4233 coitio
2129 4171 2408 4232 Ursinus:
2459 4174 2619 4233 cotio

443 4261 664 4340 (contio
708 4279 791 4320 m.
828 4259 910 4340 2.)
949 4265 998 4319 Ρ
1043 4255 1067 4339 ΙΙ
1111 4261 1189 4318 22
1237 4259 1582 4337 aspersione
1629 4258 1949 4319 Wowerus:
2000 4259 2310 4320 auersione
2356 4260 2404 4317 P
2436 4256 2461 4340 Η
