3309 5192
1561 568 1973 643 ...50....

577 804 648 858 12
683 782 935 854 micos.
1030 779 1260 872 quid‘?
1327 777 1569 868 Plato,
1628 779 1761 870 qui
1813 778 2157 850 inuenire
2206 779 2432 850 deum
2476 779 2861 874 negotium

684 901 1022 985 credidit,
1087 923 1337 972 nonne
1393 907 1468 971 et
1529 897 1836 994 angelos
1890 899 2051 971 sine
2115 899 2418 994 negotio
2484 907 2737 972 narrat
2791 909 2867 972 et

684 1023 1082 1094 daemonas
1139 1030 1213 1093 et
1263 1020 1345 1091 in
1399 1019 1789 1113 Symposio
1855 1019 2243 1091 materiam
2298 1019 2457 1092 siue
2520 1027 2867 1093 naturam

684 1144 1133 1215 daemonum
1205 1141 1626 1234 exprimere
1712 1139 2110 1212 conititur‘?
2189 1139 2357 1212 uult
2428 1140 2631 1213 enim
2705 1163 2865 1212 esse

683 1261 1174 1334 substantiam
1225 1259 1422 1334 inter
1473 1259 1865 1332 mortalem
1917 1260 2570 1353 inmortalemque‚
2624 1259 2704 1331 id
2757 1268 2867 1332 est
2892 1291 2920 1330 ⁵

683 1384 879 1456 inter
932 1405 1202 1475 corpus
1258 1389 1333 1453 et
1383 1380 1731 1474 spiritum
1784 1381 2129 1471 mediam,
2186 1380 2467 1452 terreni
2510 1381 2865 1473 ponderis

687 1513 762 1576 et
817 1501 1156 1575 caelestis
1200 1499 1530 1573 leuitatis
1576 1500 2038 1574 admixtione
2076 1509 2523 1590 concretam,
2585 1525 2681 1572 ex
2718 1523 2867 1593 qua

687 1622 997 1697 materia
1061 1621 1286 1694 etiam
1349 1621 1536 1693 Eros
1597 1618 1961 1694 formatus
2024 1621 2140 1712 sit,
2212 1645 2435 1714 quem
2507 1621 2688 1694 dicit
2750 1622 2868 1692 in-

684 1744 841 1815 labi
873 1741 1302 1837 pectoribus
1337 1741 1686 1814 humanis
1724 1751 1800 1814 et
1834 1766 2132 1814 sensum
2161 1764 2466 1813 mouere
2506 1750 2579 1814 et
2614 1739 2867 1813 adfec-

581 1877 665 1944 27
686 1875 804 1938 tus
856 1865 1136 1958 fingere
1193 1871 1270 1936 et
1322 1864 1662 1934 ardorem
1734 1863 2165 1955 cupiditatis
2227 1859 2648 1934 infundere.
2742 1861 2868 1933 isti
2899 1893 2949 1934 ιο

683 1985 914 2081 igitur
953 1984 1235 2077 impuri
1281 1983 1583 2077 spiritus
1635 2023 1741 2032 —
1796 1983 2195 2055 daemones
2242 1984 2655 2054 secundum
2693 1981 2869 2054 Pla-

685 2114 941 2177 tonem
999 2145 1090 2156 —
1149 2112 1233 2176 ut
1295 2111 1672 2175 ostensum
1744 2103 1983 2197 magis
2044 2127 2132 2174 ac
2193 2101 2665 2197 philosophis
2728 2103 2867 2174 sub

689 2226 949 2298 statuis
1005 2232 1080 2297 et
1130 2223 1581 2318 imaginibus
1636 2223 2085 2296 consecratis
2142 2223 2573 2295 delitiscunt
2619 2231 2695 2294 et
2739 2224 2865 2293 ad-

686 2347 870 2418 fiatu
898 2368 1030 2417 suo
1059 2344 1575 2416 auctoritatem
1599 2344 1813 2435 quasi
1830 2345 2243 2437 praesentis
2262 2343 2591 2415 numinis
2610 2367 2870 2416 conse-

690 2475 1040 2560 quuntur,
1111 2467 1286 2537 dum
1340 2464 1712 2558 inspirant
1762 2465 2067 2536 interim
2118 2474 2351 2555 uateS,
2422 2465 2867 2557 quibuscum
2896 2497 2952 2537 ιε,

691 2585 884 2658 fanis
922 2588 1411 2674 inmorantur,
1465 2586 1643 2654 dum
1671 2609 2235 2678 nonnumquam
2268 2594 2610 2658 extorum
2646 2585 2868 2656 fibras

692 2707 1046 2794 animant,
1115 2706 1370 2777 auium
1434 2703 1729 2776 uolatus
1784 2707 2223 2800 gubernant,
2290 2713 2521 2778 sortes
2576 2712 2867 2801 regunt,

622 2857 655 2908 2
693 2825 996 2898 oracula
1059 2823 1398 2897 efficiunt
1450 2821 1658 2897 falsis
1711 2825 2055 2919 pluribus
2107 2827 2475 2900 inuoluta.
2564 2851 2741 2897 nam
2796 2833 2871 2896 et

691 2944 1058 3020 falluntur
1103 2952 1178 3016 et
1223 2940 1520 3034 fallunt,
1577 2954 1663 3018 ut
1700 2953 1776 3018 et
1816 2947 2231 3022 nescientes
2270 2947 2637 3020 sinceram
2670 2946 2872 3018 ueri-

693 3075 921 3140 tatem
959 3073 1056 3156 et,
1115 3089 1339 3157 quam
1379 3065 1644 3156 sciunt,
1700 3067 1781 3138 in
1816 3067 2319 3160 perditionem
2355 3066 2471 3138 sui
2504 3090 2660 3138 non
2697 3089 2874 3138 con·
2902 3099 2959 3142 20

692 3188 1008 3259 fitenteS.
1095 3185 1200 3257 sic
1248 3210 1293 3256 a
1339 3186 1547 3260 caelo
1588 3189 1933 3260 deorsum
1969 3196 2285 3284 granant
2321 3194 2397 3258 et
2432 3211 2475 3257 a
2514 3189 2653 3259 deo
2690 3209 2874 3258 uero

696 3317 1036 3397 auocant‚
1088 3308 1320 3378 uitam
1353 3310 1675 3398 turbant,
1726 3331 2022 3381 somnos
2049 3308 2494 3401 inquietant,
2524 3307 2877 3400 inrepen-

849 3515 883 3572 1
933 3513 1205 3572 inuenire
1235 3531 1319 3571 m.
1352 3513 1385 3570 1
1414 3529 1483 3570 ex
1512 3514 1777 3572 inueniri
1814 3532 1962 3573 corr.
1994 3515 2043 3572 P
2074 3510 2099 3593 ΙΙ
2134 3513 2171 3572 3
2219 3513 2529 3572 materiam
2559 3514 2691 3573 siue
2733 3530 2871 3572 nos:

696 3601 879 3660 etiam
923 3619 1031 3658 suo
1077 3600 1126 3657 P
1166 3597 1192 3678 ΙΙ
1233 3599 1274 3657 8
1319 3599 1568 3657 materia
1610 3600 1793 3658 etiam
1821 3603 1974 3659 Eros
2013 3602 2306 3659 formatus
2352 3601 2453 3677 sit,
2501 3621 2682 3674 quem
2727 3600 2877 3658 dicit

694 3687 886 3746 inlabi
929 3701 1070 3745 nos:
1120 3693 1326 3744 monet
1371 3684 1554 3744 etiam
1596 3704 1709 3744 nos
1752 3687 2215 3763 procupidinem
2260 3688 2481 3746 amoris
2526 3697 2587 3746 et
2632 3686 2781 3744 dicit
2810 3687 2875 3744 in

695 3774 942 3831 formari
986 3780 1046 3832 et
1084 3772 1210 3831 labi
1252 3772 1301 3829 P
1333 3768 1357 3850 ΙΙ
1395 3772 1472 3830 11
1519 3804 1606 3814 -
1637 3773 1959 3832 daemones
1990 3774 2320 3832 secundum
2348 3773 2663 3832 Platonem
2691 3803 2777 3813 —
2805 3781 2877 3830 ut

699 3868 1006 3918 ostensum
1038 3861 1228 3935 magis
1267 3878 1333 3918 ac
1364 3859 1769 3936 philosophiS‚
1819 3861 1930 3918 sub
1977 3861 2191 3918 statuis
2233 3875 2373 3918 nos:
2421 3860 2759 3936 daemones,
2805 3867 2877 3916 ut

699 3955 1007 4005 ostensum
1061 3944 1256 4022 magis
1309 3966 1343 4003 a
1395 3945 1781 4022 philosophis
1839 3953 1901 4004 et
1953 3967 1988 4003 a
2030 3947 2282 4004 Platone
2336 3947 2448 4004 sub
2504 3945 2719 4004 statuis
2764 3944 2813 4001 P
2857 3937 2880 4025 Η

702 4032 780 4091 13
829 4033 1191 4092 consecratis
1233 4030 1600 4090 Balduinus:
1662 4033 1991 4092 consecrati
2034 4033 2084 4090 P
2138 4029 2164 4112 Η
2219 4030 2299 4089 15
2345 4032 2640 4108 inspirant
2683 4030 2877 4090 Dom-

698 4118 922 4177 bartus:
964 4118 1335 4194 inspirantur
1363 4118 1412 4176 P
1441 4115 1469 4194 11
1500 4126 1691 4196 118188,
1732 4119 2091 4193 quibuscum
2131 4134 2270 4177 ‘no-s:
2311 4119 2554 4177 uatibus
2598 4119 2741 4175 dum
2771 4117 2820 4174 P
2858 4110 2879 4190 ΙΙ

704 4205 780 4263 19
826 4214 896 4263 ut
938 4223 1019 4262 m.
1054 4206 1087 4263 1
1129 4223 1179 4263 8.
1205 4204 1254 4263 l.
1299 4205 1348 4262 P
1380 4201 1404 4284 Η
1439 4206 1518 4263 22
1567 4213 1821 4264 auocant
1863 4221 1999 4264 nos:
2050 4205 2124 4262 ad
2163 4205 2441 4264 materias
2472 4212 2725 4262 auocant
2769 4204 2818 4261 P
2858 4197 2879 4284 Η

702 4309 942 4350 somnos
985 4289 1265 4350 Ursinus:
1315 4311 1522 4350 omnes
1567 4291 1614 4347 P
1647 4287 1673 4370 Η

3148 3913 3159 3923 a

3266 4277 3283 4819 μ
3277 4243 3283 4250 ,
