3309 5192
1645 551 2061 625 „14—

761 759 1198 833 numinibus
1259 760 1777 855 praesentibus
1844 761 2386 855 inquilinisque
2442 785 2668 855 quam
2731 762 2941 835 cultu

693 902 728 956 6
762 882 1086 977 insignia
1154 888 1230 953 et
1281 881 1718 954 muneribus
1774 881 2155 976 opulenta.
2247 883 2423 955 inde
2479 883 2665 955 adeo
2730 883 2943 976 pleni

766 1010 841 1075 et
894 1001 1111 1074 mixti
1166 1002 1304 1074 deo
1359 1011 1569 1075 uates
1615 1000 1869 1076 futura
1920 1011 2397 1098 pracerpunt,
2458 1004 2637 1076 dant
2689 1013 2941 1077 caute-

761 1122 914 1195 lam
995 1123 1372 1217 periculis,
1455 1124 1735 1196 morbis
1803 1123 2228 1214 medellam,
2312 1147 2521 1219 spem
2600 1125 2937 1215 adflictis,

766 1267 988 1338 opem
1063 1243 1387 1346 miseris,
1457 1243 1820 1316 solacium
1900 1243 2467 1334 calamitatibuS,
2559 1243 2939 1318 laboribus
2970 1275 2997 1314 ⁵

763 1363 1299 1438 leuamentum.
1418 1364 1646 1435 etiam
1726 1387 1862 1457 per
1900 1364 2260 1455 ‚quietem
2342 1365 2519 1436 deos
2598 1365 2941 1437 uidemus

765 1486 1107 1557 audimus
1143 1482 1634 1579 agnoscimus,
1679 1506 1864 1575 quos
1899 1483 2133 1575 impie
2170 1507 2307 1576 per
2344 1483 2545 1555 diem
2580 1508 2941 1579 negamus

689 1612 732 1679 8
764 1605 1116 1676 nolumus
1170 1603 1615 1696 peieramus.
1707 1603 1961 1694 itaque
2003 1626 2172 1674 cum
2213 1603 2547 1674 omnium
2602 1605 2939 1698 gentium

767 1726 859 1796 de
914 1724 1027 1795 dis
1079 1721 1623 1814 inmortalibus,
1683 1722 2026 1813 quamuis
2080 1722 2368 1794 incerta
2422 1723 2517 1795 sit
2565 1721 2697 1794 uel
2747 1723 2936 1795 ratio

766 1842 895 1914 uel
931 1843 1162 1938 orig0,
1219 1853 1520 1914 maneat
1553 1853 1807 1915 tamen
1840 1843 2055 1914 firma
2092 1840 2502 1932 consensiO,
2558 1843 2937 1914 neminem
2967 1871 3019 1912 10

763 1961 928 2036 fero
981 1971 1189 2035 tanta
1255 1962 1568 2034 audacia
1627 1971 1933 2056 tamque
1988 1963 2421 2059 inreligiosa
2482 1963 2734 2035 nescio
2791 1986 2939 2056 qua

765 2082 1166 2178 prudentia
1218 2090 1780 2176 tumescentem,
1855 2083 1986 2177 qui
2038 2083 2234 2155 hanc
2288 2083 2731 2179 religionem
2785 2092 2938 2156 tam

765 2211 1156 2294 uetustam,
1215 2215 1368 2276 tam
1408 2203 1695 2293 utilem,
1754 2211 1908 2275 tam
1953 2203 2328 2276 salubrem
2367 2202 2775 2275 dissoluere
2812 2212 2941 2275 aut

694 2342 728 2394 2
763 2325 1140 2396 infirmare
1169 2324 1472 2396 nitatur.
1539 2325 1635 2398 sit
1670 2324 1851 2396 licet
1884 2323 2016 2397 ille
2045 2324 2483 2397 Theodorus
2513 2323 2939 2419 Cyrenaeus

763 2444 909 2518 hoc
947 2446 1328 2538 quondam
1364 2469 1586 2519 ausus
1622 2445 1771 2535 uel,
1812 2445 1943 2538 qui
1970 2444 2197 2538 prior,
2237 2444 2603 2539 Diagoras
2630 2443 2933 2534 Melius,
2968 2475 3019 2516 15

766 2565 889 2638 cui
943 2565 1166 2636 ἄθεον
1220 2589 1638 2662 cognomen
1676 2566 2023 2660 adposuit
2075 2565 2501 2658 antiquitaS,
2559 2565 2693 2658 qui
2737 2572 2938 2637 uter-

766 2709 913 2779 que
966 2684 1216 2759 nullos
1255 2687 1432 2758 deos
1469 2687 1980 2759 adseuerando
2025 2685 2369 2758 timorem
2408 2708 2729 2774 omnem,
2787 2708 2937 2778 quo

762 2805 1189 2878 humanitas
1214 2807 1520 2902 regitur,
1552 2807 2268 2899 uenerationemque
2297 2805 2597 2899 penitus
2619 2805 2937 2878 sustule-

763 2933 966 2998 runt:
1016 2950 1428 3020 numquam
1473 2935 1726 3000 tamen
1774 2936 1859 2999 ut
1892 2927 2082 3000 haec
2117 2926 2502 3021 inpietatis
2541 2925 2939 3019 disciplina

765 3046 1156 3120 simulatae
1225 3047 1753 3142 philosophiae
1824 3048 2131 3121 nomine
2206 3055 2431 3140 atque
2498 3046 2939 3118 auctoritate
2968 3078 3051 3119 20·

693 3180 728 3234 3
762 3166 1173 3263 pollebant.
1251 3191 1424 3239 cum
1459 3168 1877 3241 Abderiten
1914 3167 2403 3263 Protagoram
2437 3165 2940 3239 Athenienses

762 3297 846 3361 ut
906 3287 1330 3361 inconsulte
1397 3289 1646 3383 potius
1712 3313 1937 3382 quam
2001 3284 2319 3383 profane
2387 3287 2480 3360 de
2545 3287 2939 3360 diuinitate

765 3409 1265 3503 disputantem
1323 3417 1398 3482 et
1450 3407 1882 3504 expulerint
1952 3409 2102 3481 suis
2154 3408 2429 3479 finibus
2498 3415 2574 3480 et
2624 3408 2706 3479 in
2763 3431 2939 3480 con-

763 3529 968 3601 tione
1024 3529 1182 3601 eius
1238 3529 1513 3622 scripta
1568 3529 2005 3618 deusserint,
2065 3527 2249 3622 quid
2300 3527 2643 3600 homines
2699 3525 2941 3621 (susti-

919 3753 954 3810 1
1000 3751 1352 3810 numinibus
1381 3767 1522 3810 nos:
1554 3751 1907 3810 numinibus
1936 3751 2155 3810 incolis
2185 3755 2233 3811 P
2266 3748 2291 3829 ΙΙ
2322 3751 2763 3827 inquilinisque
2792 3766 2935 3811 nos:

764 3837 1085 3913 inquilinis
1131 3837 1178 3896 P
1205 3835 1229 3912 ΙΙ
1262 3839 1430 3898 cultu
1475 3837 1739 3914 insignia
1782 3853 1837 3896 r:
1887 3831 2099 3897 cultulll!
2137 3839 2477 3915 insignibus
2519 3841 2567 3897 P
2598 3835 2625 3916 ΙΙ
2659 3838 2696 3897 9
2743 3838 2839 3896 dis
2868 3839 2938 3914 P,

765 3923 896 3984 add.
924 3926 948 3984 i
977 3942 1025 3983 ε.
1044 3923 1080 3982 l.
1116 3919 1141 4003 ΙΙ
1177 3925 1255 3984 13
1286 3932 1409 3983 tam
1437 3924 1655 3983 utilem
1680 3923 1980 3983 Gelenius:
2012 3925 2295 3984 utilemP
2327 3921 2352 4003 ΙΙ
2388 3926 2469 3982 14
2491 3927 2820 3984 theudorus
2843 3925 2891 3982 P
2921 3917 2943 4004 ΙΙ

771 4012 848 4071 15
881 4012 994 4070 hoc
1027 4012 1327 4085 quondam
1358 4029 1539 4070 ausus
1567 4028 1682 4069 nos
1709 4009 2081 4069 inseruimus
2112 4008 2135 4091 ΙΙ
2169 4013 2449 4088 dai-goras
2478 4007 2545 4088 P,
2580 4011 2711 4070 add.
2746 4027 2877 4086 sup.
2904 4031 2940 4067 a

765 4097 954 4158 littera
980 4097 1005 4155 i
1037 4093 1062 4178 ΙΙ
1093 4098 1318 4157 Melius
1346 4113 1406 4156 r:
1439 4097 1715 4156 milesius
1745 4100 1793 4155 P
1826 4095 1851 4174 ΙΙ
1887 4097 1966 4156 16
2000 4092 2192 4154 ἄθεον
2212 4096 2561 4172 Boeniyius:
2594 4101 2814 4157 atheon
2843 4099 2892 4154 P
2920 4090 2942 4169 ΙΙ

771 4185 848 4244 19
871 4193 942 4245 ut
957 4186 1104 4244 haec
1125 4201 1261 4244 nos:
1287 4185 1352 4242 in
1369 4186 1479 4242 hac
1497 4185 1546 4241 P
1579 4179 1604 4260 ΙΙ
1639 4185 1718 4241 21
1745 4185 2055 4258 pollebant
2068 4182 2467 4242 Baehrensius
2483 4199 2497 4242 :
2515 4185 2833 4260 pollebunt
2850 4184 2899 4241 P
2921 4176 2942 4254 ΙΙ

767 4275 1152 4347 Protagoram
1176 4287 1231 4329 r:
1257 4272 1534 4348 pitagora
1555 4273 1604 4328 P
1637 4271 1662 4348 ΙΙ
1697 4271 1775 4328 22
1803 4281 1870 4330 ut
1892 4270 2229 4330 inconsulte
2253 4286 2389 4330 nos:
2414 4270 2537 4329 uiri
2560 4271 2832 4330 consulte
2848 4270 2896 4327 P
2921 4264 2938 4349 ΙΙ
