3309 5192
1541 509 1957 584 -48-

655 720 1008 811 reclusos,
1051 743 1372 812 quorum
1399 720 1566 792 cibo
1595 718 1725 792 uel
1750 716 2051 792 fastidio
2078 741 2197 791 res
2225 718 2534 814 publica
2551 745 2841 792 summa

552 846 644 915 26
657 849 1059 938 regeretur.
1146 842 1300 913 iam
1353 840 1557 913 enim
1609 841 1838 913 uenio
1892 841 1987 911 ad
2029 839 2167 912 illa
2217 840 2551 934 auspicia
2595 848 2672 913 et
2706 865 2840 913 au-

659 963 874 1059 guria
925 961 1288 1052 Romana,
1349 985 1541 1054 quae
1595 984 1886 1033 summo
1939 958 2197 1033 labore
2252 960 2570 1033 collecta
2616 969 2842 1036 testa-

659 1094 779 1157 tus
834 1107 910 1155 es
966 1091 1041 1157 et
1092 1080 1566 1176 paenitenter
1620 1081 1890 1154 omissa
1935 1090 2010 1156 et
2055 1082 2449 1153 obseruata
2494 1080 2839 1155 feliciter.

592 1224 625 1276 2
662 1203 970 1277 Clodius
1024 1203 1312 1276 scilicet
1365 1211 1440 1275 et
1490 1202 1906 1274 Flaminius
1961 1210 2035 1274 et
2079 1202 2345 1274 Iunius
2397 1202 2569 1275 ideo
2626 1226 2843 1275 exer·
2870 1229 2897 1269 ⁵

663 1326 852 1397 citus
887 1324 1400 1418 perdiderunt,
1460 1325 1663 1416 quod
1700 1323 2085 1417 pullorum
2122 1321 2568 1395 solistimum
2604 1322 2845 1416 tripu-

591 1463 628 1518 3
665 1445 874 1517 dium
928 1445 1517 1538 exspectandum
1569 1468 1726 1516 non
1787 1451 2269 1538 putauerunt.
2357 1442 2538 1536 quid
2592 1441 2846 1539 Regu-

663 1565 837 1638 lus‘?
898 1589 1152 1636 nonne
1207 1564 1523 1659 auguria
1575 1565 1909 1637 seruauit
1963 1573 2039 1638 et
2091 1571 2350 1658 captus
2407 1567 2568 1637 est‘?
2620 1563 2849 1635 Man-

667 1687 878 1758 cinus
940 1684 1385 1780 religionem
1439 1685 1715 1757 tenuit:
1786 1693 1859 1757 et
1914 1686 2052 1756 sub
2103 1685 2361 1780 iugum
2416 1684 2681 1757 missus
2738 1693 2849 1757 est

669 1813 744 1878 et
797 1805 1112 1878 deditus.
1202 1804 1453 1899 pullos
1509 1807 1776 1878 edaces
1829 1804 2097 1878 habuit
2149 1814 2227 1877 et
2275 1804 2582 1877 Paulus:
2644 1807 2849 1900 apud
2876 1830 2929 1874 10

671 1925 966 1998 Cannas
1036 1935 1288 1998 tamen
1352 1950 1523 1998 cum
1587 1927 1868 1998 maiore
1935 1925 2206 2020 populi
2257 1926 2584 1998 Romani
2634 1933 2846 2019 parte

593 2068 629 2120 4
665 2053 1075 2139 prostratus
1131 2054 1260 2120 est.
1356 2046 1594 2119 Graius
1644 2045 1937 2136 Caesar,
1994 2071 2090 2119 ne
2146 2055 2317 2120 ante
2370 2049 2715 2118 brumam
2766 2048 2848 2118 in

662 2163 1000 2238 Africam
1054 2167 1358 2263 nauigia
1410 2166 1945 2240 transmitteret
1997 2166 2327 2262 auguriis
2375 2175 2451 2239 et
2494 2167 2847 2261 auspiciis

592 2308 630 2362 5
664 2286 1180 2377 renitentibus,
1245 2288 1563 2381 spreuit:
1632 2296 1708 2359 et
1773 2287 2165 2383 nauigauit
2227 2295 2303 2359 et
2353 2288 2561 2360 uicit.
2654 2311 2847 2380 quae

665 2431 846 2480 uero
902 2415 978 2480 et
1031 2416 1311 2500 quanta
1365 2408 1456 2480 de
1511 2406 1832 2480 oraculis
1889 2416 1963 2480 et
2012 2404 2337 2480 fatidicis
2390 2412 2897 2501 persequar-‘21⁵

665 2537 835 2621 post
895 2537 1212 2600 mortem
1265 2527 1771 2621 Amphiaraus
1842 2536 2163 2600 uentura
2229 2529 2637 2623 respondit,
2716 2529 2849 2621 qui

665 2648 1047 2741 proditum
1092 2647 1188 2718 iri
1230 2671 1307 2719 se
1354 2649 1448 2719 ob
1486 2648 1767 2720 monile
1805 2649 1899 2720 ab
1935 2673 2172 2721 uxore
2210 2649 2551 2721 nesciuit.
2635 2649 2847 2721 Tire-

667 2769 810 2840 sias
875 2767 1255 2862 praescius
1322 2765 1573 2840 futura
1633 2769 1961 2859 uidebat,
2029 2769 2161 2863 qui
2212 2769 2638 2863 praesentia
2690 2792 2844 2841 non

595 2914 633 2968 6
669 2888 993 2960 uidebat.
1067 2889 1160 2960 de
1195 2887 1485 2983 Pyrrho
1512 2888 1801 2961 Ennius
1827 2887 2209 2984 Apollinis
2238 2889 2467 2984 Pythi
2492 2913 2851 2983 responsa

670 3008 1060 3098 confinxit,
1120 3033 1291 3080 cum
1342 3009 1494 3080 iam
1549 3009 1829 3103 Apollo
1884 3033 2145 3082 uersus
2198 3006 2447 3081 facere
2505 3011 2811 3082 desisset
2829 3029 2846 3098 ;
2876 3038 2931 3080 20

671 3130 880 3202 cuius
932 3139 1111 3202 tunc
1168 3137 1470 3203 cautum
1520 3129 1717 3202 illud
1772 3138 1847 3204 et
1892 3130 2326 3225 ambiguum
2373 3126 2651 3202 defecit
2688 3153 2854 3201 ora-

672 3250 949 3340 culum,
1008 3275 1178 3322 cum
1227 3260 1301 3323 et
1345 3250 1734 3344 politiores
1782 3251 2124 3323 homines
2171 3260 2246 3323 et
2281 3251 2527 3322 minus
2567 3251 2855 3324 creduli

675 3394 832 3444 esse
901 3379 1335 3464 coeperunt.
1429 3378 1504 3444 et
1558 3371 2129 3462 Demosthenes,
2200 3372 2402 3463 quod
2463 3371 2687 3443 sciret
2738 3395 2857 3443 re-

603 3520 636 3573 7
673 3515 944 3584 sponsa
980 3491 1345 3581 simulata,
1388 3491 1820 3583 φιλιππίζειν
1858 3491 2210 3587 Pythiam
2247 3493 2722 3585 querebatur.
2778 3499 2856 3562 at

831 3717 864 3772 1
914 3715 1050 3774 ciuo
1098 3714 1147 3771 P
1191 3733 1272 3773 m.
1307 3715 1340 3772 1
1372 3711 1396 3794 ΙΙ
1431 3715 1470 3773 4
1516 3735 1580 3774 es
1625 3713 1928 3775 Gelenius:
1980 3723 2071 3774 est
2113 3711 2219 3795 ΡΗ
2254 3714 2291 3773 6
2339 3715 2706 3774 solistimum
2746 3713 2858 3774 Ge-

674 3800 894 3860 lenius:
945 3801 1484 3859 sollemnissimum
1527 3801 1576 3859 P
1616 3797 1641 3882 Η
1689 3801 1727 3859 8
1774 3802 2011 3878 argui-ia
2054 3802 2103 3859 P
2143 3797 2168 3879 ΙΙ
2215 3802 2291 3860 11
2338 3802 2556 3879 populi
2599 3801 2860 3860 Romani

674 3884 998 3946 Danielus:
1047 3887 1198 3964 reip.
1233 3887 1282 3944 P
1336 3883 1360 3966 ΙΙ
1419 3888 1499 3946 14
1545 3887 1778 3964 spreuit
1818 3903 1956 3946 nos:
2012 3889 2242 3966 spreuit
2286 3908 2357 3946 eo
2403 3889 2642 3947 facilius
2686 3889 2735 3946 P
2780 3887 2855 3962 of.

675 3991 736 4032 u.
777 3972 855 4032 15
909 3970 936 4051 ΙΙ
989 3971 1068 4032 15
1127 3981 1187 4032 et
1230 3973 1496 4033 fatidicis
1540 3992 1652 4032 nos
1698 3973 2045 4034 addidimus
2098 3975 2169 4050 cf.
2210 3993 2273 4032 u.
2318 3975 2401 4033 14
2453 3971 2479 4054 ΙΙ
2531 3993 2858 4052 persequar

678 4059 1106 4120 Baehrensius:
1153 4080 1483 4137 prosequar
1527 4061 1575 4118 P
1609 4057 1634 4140 ΙΙ
1669 4063 1746 4119 17
1794 4061 2104 4137 prodit-um
2132 4062 2211 4120 iri
2241 4081 2304 4119 se
2335 4061 2384 4118 P
2429 4079 2577 4120 corr.
2610 4079 2681 4120 ex
2717 4080 2860 4139 pro-

678 4146 867 4205 dituis
897 4149 1017 4207 rise
1049 4143 1074 4227 ΙΙ
1106 4146 1194 4206 ire
1227 4147 1346 4206 sias
1375 4147 1424 4204 P
1464 4142 1492 4228 ΙΙ
1535 4147 1615 4206 18
1661 4148 1965 4224 praescius
1998 4163 2137 4206 nos:
2188 4167 2397 4206 caecus
2426 4148 2475 4205 P
2515 4142 2541 4226 ΙΙ
2590 4147 2673 4207 20
2718 4167 2857 4206 con-

677 4232 888 4291 fincxit
930 4234 979 4291 P
1011 4230 1038 4312 ss
1071 4234 1153 4292 24
1196 4234 1466 4311 philippi
1511 4254 1694 4293 zaeno
1741 4236 2016 4312 phytiam
2060 4235 2454 4309 quaerebatur
2497 4235 2546 4292 P
2579 4229 2603 4313 ΙΙ
