3309 5192
1590 553 2009 626 „26-

709 770 909 834 mata
955 762 1444 856 probataque.
1535 761 1641 833 sic
1678 786 1817 834 nec
1865 763 2360 835 dubitandum
2396 763 2469 836 ei
2504 765 2597 836 de
2635 773 2886 838 cetero

637 900 674 955 5
712 891 821 955 est
864 907 1005 954 nec
1052 884 1500 979 uagandum.
1597 891 1673 956 et
1709 884 2068 977 quoniam
2102 908 2311 956 meus
2346 881 2576 956 frater
2613 886 2883 980 erupit,

709 1027 930 1098 aegre
985 1027 1062 1076 se
1117 1001 1314 1092 ferre
1369 1003 1820 1076 stomachari
1864 1003 2119 1076 dolere
2164 1004 2711 1100 indignitatem,
2768 1006 2888 1078 in-

706 1124 1040 1197 literatos
1115 1149 1486 1219 pauperes
1555 1125 1927 1218 inperitos
1996 1125 2086 1196 de
2151 1126 2374 1197 rebus
2442 1125 2886 1199 caelestibus

709 1241 1110 1338 disputare,
1167 1246 1351 1320 sciat
1396 1269 1653 1318 omnes
1690 1244 2052 1335 homineS,
2106 1246 2265 1317 sine
2306 1245 2583 1319 dilectu
2619 1247 2881 1318 aetatis
2914 1278 2940 1316 ⁵

707 1389 928 1438 sexus
983 1365 1386 1462 dignitatis,
1450 1365 1761 1439 rationis
1816 1373 1894 1437 et
1944 1389 2201 1438 sensus
2256 1391 2567 1461 capaces
2623 1375 2699 1439 et
2750 1366 2886 1437 ha-

707 1486 896 1559 biles
931 1495 1360 1580 procreatos
1386 1511 1529 1558 nec
1556 1484 1860 1558 fortuna
1889 1495 2199 1559 nanctos
2229 1511 2386 1560 esse
2417 1488 2881 1581 sapientiam,

707 1608 839 1678 sed
891 1614 1160 1678 natura
1208 1607 1457 1680 insita.
1547 1606 1846 1679 inclitos
1894 1607 2077 1699 quin
2122 1607 2323 1700 ipsos
2363 1608 2588 1680 etiam
2638 1607 2887 1703 philo-

707 1727 983 1821 sophos
1055 1726 1183 1799 uel
1253 1728 1317 1798 si
1383 1727 1516 1821 qui
1577 1727 1710 1799 alii
1768 1727 2044 1800 artium
2106 1737 2526 1822 repertores
2586 1730 2668 1802 in
2730 1754 2887 1802 me-

707 1847 1021 1920 moriam
1085 1847 1452 1937 exierunt,
1529 1847 1970 1942 priusquam
2028 1847 2362 1921 sollertia
2420 1849 2693 1921 mentis
2752 1874 2965 1943 pa-1o

705 1976 962 2041 rerent
1030 1967 1356 2040 nominis
1428 1967 1866 2058 claritatem,
1951 1968 2247 2041 habitos
2323 1994 2481 2042 esse
2548 1969 2885 2063 plebeios

707 2089 1050 2160 indoctos
1105 2088 1570 2161 seminudos:
1629 2090 1818 2159 adeo
1874 2088 2145 2162 diuites
2199 2088 2681 2163 facultatibus
2736 2091 2887 2163 suis

706 2208 1057 2304 inligatos
1119 2209 1356 2306 magis
1419 2234 1685 2282 aurum
1742 2209 2130 2302 suspicere
2200 2234 2592 2282 consuesse
2661 2235 2889 2304 quam

709 2327 1023 2420 caelum,
1078 2330 1513 2403 constrictos
1539 2331 1904 2424 pauperie
1934 2338 2009 2402 et
2036 2340 2494 2404 commentos
2522 2356 2679 2404 esse
2709 2357 2887 2426 pru-

708 2450 1038 2523 dentiam
1067 2460 1142 2523 et
1165 2451 1554 2523 tradidisse
1583 2453 1849 2525 ceteris
1880 2451 2378 2546 disciplinam.
2432 2455 2635 2525 unde
2651 2477 2887 2547 appa·
2916 2486 2966 2528 15

703 2578 820 2643 ret
851 2571 1243 2665 ingenium
1267 2594 1423 2644 non
1451 2573 1613 2643 dari
1648 2569 2129 2646 facultatibus
2160 2597 2302 2645 nec
2330 2575 2575 2646 studio
2610 2573 2882 2668 parari,

635 2707 672 2762 6
707 2691 839 2762 sed
903 2713 1075 2763 cum
1134 2692 1301 2786 ipsa
1360 2693 1632 2764 mentis
1702 2692 2153 2767 formatione
2223 2695 2589 2790 generari.
2692 2694 2889 2767 nihil

706 2811 962 2904 itaque
1030 2811 1575 2907 indignandum
1627 2815 1757 2887 uel
1812 2815 2241 2905 dolendum,
2314 2815 2377 2886 si
2431 2815 2885 2908 quicumque

709 2932 802 3002 de
841 2931 1116 3003 diuinis
1155 2941 1486 3024 quaerat,
1547 2957 1740 3026 quae
1778 2937 2071 3026 sentiat,
2119 2933 2475 3029 proferat,
2525 2961 2698 3008 cum
2732 2961 2887 3008 non

708 3051 1154 3146 disputantis
1201 3053 1656 3144 auctoritas,=
1684 3057 1813 3128 sed
1850 3056 2375 3150 disputationis
2411 3055 2647 3150 ipsius
2683 3056 2885 3128 ueri-
2911 3086 2965 3129 20

707 3181 818 3245 tas
861 3171 1309 3267 requiratur.
1393 3181 1618 3268 atque
1657 3177 1905 3267 etiam,
1964 3200 2115 3271 quo
2163 3176 2581 3270 imperitior
2618 3201 2880 3267 serm0,

705 3292 852 3366 hoc
887 3293 1275 3367 inlustrior
1308 3295 1498 3367 ratio
1537 3305 1669 3387 est,
1707 3297 2067 3391 quoniam
2105 3321 2260 3370 non
2285 3295 2582 3370 fucatur
2607 3321 2886 3391 pompa

706 3410 1102 3487 facundiae
1160 3424 1234 3488 et
1295 3417 1554 3511 gratia,
1622 3417 1775 3507 sed,
1849 3425 1935 3490 ut
1987 3442 2126 3512 par
2180 3426 2309 3508 est,
2384 3417 2572 3489 recti
2621 3417 2885 3513 regula

839 3671 879 3730 3
927 3672 1245 3731 stomacari
1289 3668 1314 3752 Η
1355 3674 1560 3733 dolere
1591 3674 2018 3751 indignitatem
2046 3690 2185 3734 nos:
2216 3675 2523 3753 indignari
2553 3677 2756 3736 dolere
2787 3679 2836 3735 P
2864 3670 2886 3759 Η

710 3759 746 3816 7
802 3767 1053 3818 nanctos
1108 3779 1237 3818 6886
1294 3760 1673 3837 sapientiam,
1738 3762 1844 3819 sed
1895 3768 2109 3820 natura
2161 3762 2363 3822 insita.
2440 3763 2689 3822 inclitos
2740 3779 2880 3822 nos:

705 3852 956 3905 nanctos
1001 3847 1108 3904 sed
1150 3853 1363 3904 natura
1405 3846 1625 3908 insitos
1682 3866 1814 3906 esse
1860 3847 2221 3922 sapientiam
2264 3850 2312 3907 P
2366 3843 2391 3928 ΙΙ
2447 3849 2485 3907 9
2543 3849 2606 3907 in
2654 3869 2887 3908 memo-

705 3930 859 3990 riam
891 3930 1207 3990 Usmerus:
1242 3931 1308 3991 in
1337 3935 1657 3992 memorias
1700 3929 1726 4012 Η
1769 3933 1851 3993 10
1897 3935 2175 3993 exierunt
2203 3937 2271 4012 P,
2316 3934 2419 3994 sed
2444 3934 2469 3993 i
2496 3936 2733 3995 addidit
2759 3953 2806 3994 8.
2842 3935 2881 3994 l.

705 4035 788 4076 m.
827 4018 871 4076 2
921 4012 947 4096 Η
1005 4020 1081 4077 11
1141 4018 1410 4078 claritate
1455 4022 1504 4078 P
1546 4020 1597 4078 1.
1631 4037 1717 4079 m.
1782 4015 1807 4098 ΙΙ
1874 4020 1955 4080 14
2009 4022 2365 4080 constrictos
2410 4022 2697 4098 pauperie
2741 4036 2879 4082 nos:

703 4112 1004 4164 nostrates
1040 4124 1337 4181 pauperes
1367 4107 1414 4163 P
1458 4101 1483 4186 ΙΙ
1528 4106 1607 4164 19
1655 4126 1809 4180 quae
1839 4107 2061 4166 sentiat
2100 4105 2475 4167 Dind‘ncrus:
2525 4108 2744 4167 sentiat
2772 4110 2821 4166 P
2864 4101 2885 4188 Η

710 4190 790 4248 22
836 4191 1071 4249 fucatur
1114 4207 1172 4250 r:
1218 4193 1462 4270 fugatur
1493 4194 1540 4250 P
1579 4188 1605 4272 ΙΙ
1646 4192 1836 4269 gratia
1881 4191 2309 4253 Baehrmsius:
2356 4193 2583 4272 gratiae
2628 4197 2675 4252 P
2707 4190 2733 4273 ΙΙ
2774 4213 2884 4269 par

702 4293 816 4335 nos
856 4274 1226 4336 mesraim-s·
1255 4274 1281 4357 Η
