3309 5192
717 783 1103 878 ingenium
1167 779 1631 876 singulorum
1684 779 2038 873 periculis
2092 780 2437 874 pensitat,
2507 803 2745 871 usque
2798 779 2893 850 ad

721 907 1129 976 extremam
1183 909 1499 973 mortem
1553 899 2022 973 uoluntatem
2072 901 2400 972 hominis
2454 900 2889 991 sciscitatur,

717 1024 912 1097 nihil
975 1023 1117 1095 sibi
1175 1046 1393 1116 posse
1455 1023 1702 1116 perire
1758 1044 2083 1093 securus,
2140 1101 2157 1119 .
2181 1022 2440 1114 itaque
2492 1030 2577 1093 ut
2628 1045 2895 1094 aurum

618 1145 1032 1239 37ignibuS,
1127 1144 1231 1214 sic
1311 1167 1448 1216 nos
1521 1142 2069 1214 discriminibus
2150 1143 2553 1237 arguimur.
2669 1167 2896 1236 quam

715 1265 1120 1359 pulchrum
1173 1263 1687 1358 spectaculum
1740 1263 1903 1353 deo,
1971 1286 2143 1335 cum
2196 1262 2661 1336 Christianus
2725 1289 2896 1335 cum
2922 1293 2947 1332 ⁵

716 1384 974 1457 dolore
1009 1385 1542 1480 congreditur,
1615 1365 1786 1455 cum
1850 1385 2248 1456 aduersum
2300 1385 2537 1456 minas
2594 1393 2668 1457 et
2720 1408 2898 1478 sup-

714 1505 946 1601 plicia
983 1514 1057 1596 et
1092 1512 1464 1577 tormenta
1501 1505 1996 1598 componitur,
2055 1529 2222 1575 cum
2259 1505 2675 1599 intrepidus
2703 1527 2896 1576 mor-

717 1627 810 1697 tis
861 1634 937 1699 et
980 1625 1464 1719 intercipiens
1508 1627 1713 1697 necis
1747 1625 2136 1698 horrorem
2174 1626 2507 1697 carnifici
2542 1649 2619 1698 se
2657 1625 2896 1698 incul-

719 1754 860 1836 cat,
893 1771 1065 1818 cum
1088 1745 1514 1818 libertatem
1543 1769 1753 1817 suam
1790 1747 2144 1818 aduersus
2174 1770 2387 1841 reges
2416 1754 2492 1818 et
2517 1746 2897 1840 principes

721 1867 940 1962 erigit
977 1877 1051 1940 et
1087 1866 1227 1939 soli
1265 1868 1404 1938 deo
1433 1867 1653 1956 ,cuius
1684 1876 1794 1940 est
1822 1867 2038 1956 cedit,
2081 1891 2252 1938 011111
2287 1867 2789 1960 triumphator
2822 1876 2899 1939 et
2928 1893 2978 1935 ιο

666 2065 672 2070 ,
721 1988 963 2060 uictor
998 1987 1143 2081 ipsi
1180 1988 1313 2080 qui
1349 1989 1745 2059 aduersum
1782 2011 1860 2060 se
1898 1988 2344 2060 sententiam
2375 1988 2565 2062 dixit
2600 1997 2898 2060 sanctus

649 2126 684 2179 2
721 2112 894 2180 stat!
975 2108 1161 2181 uicit
1197 2108 1399 2180 enim
1447 2109 1580 2199 qui
1617 2108 1818 2199 quod
1875 2109 2260 2181 contendit
2297 2108 2641 2180 obtinuit.
2732 2109 2897 2202 quis

721 2252 876 2300 non
929 2228 1144 2300 miles
1198 2229 1335 2300 sub
1392 2227 1626 2299 0011118
1679 2228 2149 2321 imperatoris
2203 2229 2555 2300 audacius
2603 2229 2899 2322 pericu-

720 2348 881 2421 lum
916 2352 1327 2444 prouocet?
1394 2371 1618 2420 nemo
1667 2349 1868 2419 enim
1903 2350 2321 2442 praemium
2364 2348 2687 2443 percipit
2723 2357 2896 2420 ante

724 2470 1346 2564 experimentum.
1404 2477 1478 2540 et
1503 2469 1911 2562 imperator
1938 2476 2189 2540 tamen
2218 2470 2421 2562 quod
2451 2493 2607 2541 non
2641 2470 2894 2558 habet,
2924 2497 2976 2538 15

722 2614 876 2662 non
924 2592 1077 2662 dat:
1135 2613 1289 2662 non
1332 2597 1579 2683 potest
1623 2612 2038 2684 propagare
2074 2590 2333 2680 uitam,
2387 2597 2634 2684 potest
2667 2590 2899 2662 hone-

653 2727 689 2781 3
725 2718 917 2783 stare
979 2709 1344 2781 militiam.
1453 2717 1529 2781 at
1597 2710 1800 2780 enim
1862 2710 1983 2780 dei
2045 2709 2260 2782 miles
2313 2735 2455 2784 nec
2507 2712 2588 2782 in
2643 2711 2899 2782 dolore

726 2831 1092 2903 deseritur
1143 2855 1286 2902 1100
1339 2837 1576 2902 morte
1629 2830 1909 2903 finitur.
2001 2831 2106 2902 810
2160 2830 2625 2904 Christianus
2680 2832 2901 2903 miser

724 2951 967 3022 uideri
1028 2959 1292 3044 potest,
1365 2974 1518 3023 non
1579 2958 1828 3043 potest
1877 2951 2224 3023 inueniri.
2319 2976 2452 3024 uos
2504 2953 2651 3046 ipsi
2706 2952 2903 3024 cala-

725 3071 1029 3144 mitosos
1078 3071 1280 3142 uiros
1325 3067 1533 3144 fertis
1571 3072 1667 3141 ad
1712 3071 2027 3161 caelum,
2083 3081 2167 3144 ut
2200 3071 2543 3145 Mucium
2581 3073 2903 3145 Scaeuo-
2926 3099 2979 3141 20

725 3191 898 3281 lam,
965 3191 1117 3285 qui,
1186 3216 1358 3263 cum
1413 3201 1726 3265 errasset
1777 3193 1857 3265 in
1912 3217 2109 3288 rege,
2176 3193 2490 3286 perisset
2540 3194 2622 3264 in
2673 3194 2902 3266 hosti-

655 3331 690 3384 4
725 3315 886 3403 bus,
944 3313 1090 3383 11181
1143 3313 1526 3384 dexteram
1569 3313 2034 3407 perdidisset.
2127 3321 2203 3385 at
2246 3322 2431 3405 quot
2468 3338 2564 3386 ex
2606 3315 2897 3403 nostriS,

726 3456 880 3504 non
935 3433 1275 3504 dextram
1327 3432 1570 3504 solum
1614 3435 1754 3523 uri,
1813 3434 1943 3504 sed
1985 3441 2226 3507 totum
2272 3458 2542 3528 corpus
2588 3433 2903 3506 cremari

725 3553 885 3625 sine
920 3552 1097 3625 ullis
1144 3553 1542 3625 eiulatibus
1594 3553 2087 3646 pertulerunt,
2147 3579 2319 3626 cum
2367 3555 2640 3627 dimitti
2685 3579 2903 3649 prae-

882 3778 916 3835 7
964 3777 1305 3853 intrepidus
1347 3792 1484 3836 nos:
1535 3776 1852 3853 strepitum
1894 3779 1943 3834 P
1985 3772 2009 3854 ΙΙ
2050 3777 2090 3836 8
2135 3776 2527 3854 intercipiens
2556 3777 2721 3837 necis
2760 3779 2902 3836 hor-

726 3883 925 3922 rorem
969 3864 1234 3922 carnifici
1277 3883 1340 3922 se
1385 3864 1648 3922 inculcat
1703 3879 1838 3921 nos:
1898 3865 2207 3923 horrorem
2260 3863 2554 3924 carnificis
2607 3863 2902 3941 inripiens

727 3949 990 4009 inculcat
1017 3953 1066 4008 P
1107 3949 1132 4029 ΙΙ
1175 3950 1257 4010 10
1303 3958 1364 4009 et
1393 3949 1511 4009 soli
1538 3947 1851 4008 Halmius:
1900 3949 2019 4008 soli
2047 3953 2096 4009 P
2136 3947 2161 4030 Η
2208 3952 2286 4010 11
2332 3957 2569 4010 sanctus
2600 3957 2719 4011 stat
2758 3947 2899 4010 ‘nost

729 4037 938 4096 stultat
980 4039 1029 4095 P
1073 4032 1096 4115 ΙΙ
1141 4038 1217 4095 17
1267 4037 1341 4094 ad
1387 4037 1548 4094 enim
1582 4039 1631 4095 P
1676 4053 1759 4094 m.
1791 4037 1840 4094 1.
1877 4033 1903 4114 ΙΙ
1948 4035 2031 4095 2Ο
2074 4045 2144 4096 ut
2188 4036 2415 4102 addiebat
2439 4035 2841 4096 Hemnannus

731 4122 809 4179 21
865 4143 1007 4199 rege
1051 4122 1474 4182 Heumannus:
1533 4142 1735 4198 regem
1787 4125 1836 4181 P
1882 4118 1907 4202 Η
1950 4124 2030 4181 22
2087 4131 2149 4183 at
2198 4122 2621 4183 Baehrensius:
2680 4131 2741 4182 et
2791 4126 2839 4181 P

733 4207 813 4269 23
866 4209 981 4286 uri,
1028 4209 1184 4285 quod
1226 4209 1432 4285 leyitur
1473 4208 1544 4269 in
1588 4212 1634 4268 P
1682 4213 1815 4268 ante
1859 4209 2128 4288 cremari,
2183 4208 2551 4288 transposuit
2591 4209 2902 4269 Heuman-

728 4311 849 4352 nus
885 4291 911 4372 11
957 4296 1038 4354 24
1084 4296 1342 4355 dismitti
1384 4299 1433 4355 P
1507 4293 1533 4377 ΙΙ
