3309 5192
1297 570 1710 642 —19-.

407 781 632 854 uulsa
683 780 920 854 moles
973 783 1116 853 ista
1170 781 1592 852 subruatur.
1685 804 1826 852 nec
1888 781 2033 852 hac
2086 776 2367 852 furiosa
2430 780 2593 874 opi-
2629 801 2663 854 2

408 903 643 974 nione
674 902 1010 974 contenti
1035 901 1272 972 aniles
1300 898 1594 973 fabulas
1620 901 2017 974 adstruunt
2044 910 2119 974 et
2152 902 2589 974 adnectunt:

409 1023 708 1094 renasci
761 1045 840 1092 se
893 1019 1149 1093 ferunt
1200 1029 1372 1114 post
1408 1020 1696 1094 cineres
1752 1029 1827 1093 et
1859 1018 2161 1093 fauillas
2216 1029 2291 1093 et
2342 1021 2594 1093 nescio

417 1166 572 1233 qua
621 1141 899 1213 fiducia
952 1141 1357 1212 mendaciis
1393 1141 1544 1212 suis
1596 1141 1928 1214 inuicem
1974 1143 2319 1216 credunt:
2378 1149 2597 1234 putes

365 1291 392 1331 5
422 1285 553 1331 eos
605 1261 757 1332 iam
807 1260 1189 1333 reuixisse.
1282 1284 1557 1353 anceps
1628 1261 1913 1333 malum
1977 1270 2052 1333 et
2116 1262 2417 1357 gemina
2471 1262 2595 1334 de·
2630 1277 2667 1332 3

423 1382 726 1471 mentia,
793 1381 1000 1454 caelo
1066 1389 1141 1454 et
1202 1381 1438 1471 astriS,
1514 1405 1708 1476 quae
1787 1381 1892 1455 sic
1956 1382 2453 1476 relinquimus
2514 1391 2599 1454 ut

425 1501 866 1592 inuenimuS,
945 1501 1332 1574 interitum
1395 1503 1862 1592 denuntiare,
1938 1503 2082 1575 sibi
2152 1512 2392 1576 morte
2466 1526 2597 1574 ex-

415 1621 689 1714 tinctis,
749 1622 1044 1716 quibus,
1095 1622 1290 1694 sicut
1334 1631 1763 1712 nascuntur,
1824 1631 1935 1694 est
1969 1624 2173 1696 uitae
2208 1623 2592 1714 terminus,

406 1745 935 1816 aeternitatem
989 1743 1541 1837 repromittere!
1598 1743 1777 1815 inde
1831 1742 2191 1817 uidelicet
2237 1767 2597 1816 execran-
2631 1761 2666 1814 4

335 1891 386 1934 ιο
412 1871 538 1934 tur
569 1887 792 1959 rogos
848 1872 926 1936 et
961 1865 1319 1935 damnant
1364 1864 1654 1960 ignium
1692 1863 2133 1958 sepulturas,
2193 1865 2408 1957 quasi
2440 1888 2595 1936 non

416 2009 636 2057 omne
676 2008 969 2078 corpus,
1013 1984 1152 2056 etsi
1186 1984 1508 2056 flammis
1544 1984 2044 2074 subtrahatur,
2093 1985 2306 2056 annis
2341 1993 2597 2057 tamen

418 2113 494 2176 et
527 2105 894 2178 aetatibus
930 2105 1013 2176 in
1047 2105 1425 2200 integrum
1460 2103 1901 2194 resoluatur,
1957 2129 2099 2176 nec
2135 2105 2330 2176 nihil
2363 2106 2595 2178 inter-

417 2225 534 2314 sit,
589 2233 843 2296 utrum
894 2222 1099 2297 ferae
1155 2225 1514 2319 diripiant
1565 2249 1664 2298 an
1716 2225 1951 2297 maria
2002 2234 2445 2299 consumant
2496 2251 2593 2299 an

417 2346 691 2417 humus
746 2352 1093 2440 contegat
1144 2369 1241 2416 an
1274 2345 1578 2418 flamma
1613 2347 2000 2436 subducat,
2060 2370 2229 2417 cum
2280 2348 2595 2419 cadave-

336 2497 387 2537 15
413 2466 623 2537 ribus
659 2464 974 2536 ustionis
1010 2465 1416 2559 sepultura,
1473 2466 1635 2538 siue
1674 2467 2007 2539 sentiunt
2040 2467 2199 2538 siue
2236 2490 2391 2539 non
2427 2491 2591 2539 sen—

411 2587 614 2659 tiunt
672 2610 956 2682 pyram,
1025 2586 1120 2658 sit
1179 2587 1344 2680 ipsa
1408 2587 1859 2659 conficiendi
1920 2586 2303 2660 celeritate
2358 2589 2593 2660 medi-

412 2708 606 2782 cina.
698 2707 844 2779 hoc
900 2730 1149 2779 errore
1206 2708 1504 2801 decepti
1554 2709 1851 2780 beatam
1916 2707 2058 2779 sibi
2110 2716 2196 2780 ut
2246 2710 2463 2781 bonis
2518 2719 2594 2782 et
2628 2728 2664 2782 5

409 2837 805 2922 perpetem
857 2827 1095 2900 uitam
1137 2827 1448 2900 mortuis
1494 2827 1971 2922 pollicentur,
2031 2830 2295 2903 ceteris
2346 2839 2432 2902 ut
2482 2831 2594 2902 in·-

409 2950 627 3021 iustis
687 2973 1015 3043 poenam
1079 2947 1636 3042 sempiternam.
1727 2947 1968 3020 multa
2030 2950 2125 3019 ad
2177 2948 2366 3022 haec
2420 2953 2594 3022 sub-

328 3101 382 3143 20
409 3077 706 3164 petunt,
747 3070 828 3141 ni
863 3067 1169 3141 festinet
1203 3069 1461 3140 oratic.
1517 3069 1834 3142 iniustos
1868 3069 2071 3162 ipsos
2107 3070 2343 3164 magis
2379 3069 2591 3142 nullo

408 3191 673 3263 labore
735 3191 885 3261 iam
952 3189 1194 3279 docui,
1262 3211 1740 3282 quamquam,
1818 3189 1955 3260 etsi
2024 3189 2257 3260 iustos
2312 3190 2587 3280 darem,

410 3311 718 3406 culpam
773 3321 1026 3383 tamen
1077 3309 1205 3382 uel
1257 3309 1770 3382 innocentiam
1826 3309 2098 3380 scimus
2151 3305 2306 3381 fato
2360 3309 2591 3381 tribui

411 3432 805 3505 sententiis
867 3430 1386 3526 plurimorum.
1491 3437 1566 3501 et
1627 3428 1817 3501 haec
1885 3436 2133 3501 uestra
2198 3430 2589 3503 consensio
2628 3451 2663 3504 6

570 3688 607 3747 3
653 3697 794 3766 post
837 3687 1069 3746 cineres
1111 3704 1253 3746 nos:
1300 3697 1442 3765 post
1484 3648 1741 3745 mortem
1786 3695 1846 3746 et
1886 3687 2122 3747 =cineres
2166 3690 2215 3746 P
2246 3683 2272 3766 ΙΙ
2318 3689 2352 3745 ’7
2400 3695 2591 3746 morte

413 3775 846 3834 Heumannus:
894 3774 1150 3832 mortuis
1194 3777 1241 3832 P
1282 3771 1307 3854 ΙΙ
1349 3774 1390 3832 8
1436 3775 1656 3849 quibus
1703 3776 1861 3833 sicut
1902 3781 2245 3852 nascuntur,
2292 3781 2385 3834 est
2426 3773 2590 3832 uitae

412 3863 710 3922 terminus
752 3877 887 3920 nos:
937 3861 1044 3935 qui
1089 3861 1247 3920 sicut
1272 3863 1576 3920 nascimur
1605 3868 1667 3919 et
1696 3861 2012 3920 interimus
2057 3861 2102 3920 P
2146 3859 2171 3940 ΙΙ
2219 3861 2257 3919 9
2302 3861 2595 3920 uidelicet

426 3947 740 4008 Usmerus:
795 3947 1085 4006 uidelicet
1129 3956 1191 4006 et
1231 3950 1280 4006 P
1323 3945 1350 4025 ss
1398 3948 1478 4005 12
1537 3947 1841 4024 integrum
1884 3964 2024 4006 nos:
2080 3956 2301 4006 terram
2344 3950 2393 4006 P
2424 3943 2450 4025 ΙΙ
2479 3967 2591 4006 nec

411 4035 573 4094 nihil
616 4033 930 4093 Usemms:
977 4053 1090 4093 nec
1133 4036 1182 4092 P
1223 4029 1248 4114 Η
1296 4034 1375 4092 15
1421 4032 1683 4093 ustionis
1726 4049 1866 4093 nos:
1915 4033 2112 4092 omnis
2155 4036 2204 4092 P
2237 4031 2261 4112 ΙΙ
2293 4034 2423 4092 siue
2455 4053 2591 4091 sen-

415 4123 578 4181 tiunt
621 4121 753 4180 siue
782 4141 906 4178 non
935 4121 1206 4180 sentiunt
1231 4141 1459 4198 pyram,
1507 4119 1588 4178 sit
1616 4121 1750 4196 ipsa
1793 4135 1930 4179 nos:
1979 4121 2034 4178 si
2063 4120 2347 4195 sentiunt,
2395 4139 2591 4196 poena

418 4211 517 4288 sit,
565 4208 620 4266 si
647 4227 770 4266 non
800 4208 1070 4266 sentiunt
1097 4206 1230 4283 ipsa
1259 4209 1308 4265 P
1339 4203 1364 4286 ΙΙ
1400 4206 1482 4264 18
1512 4207 1767 4266 mortuis
1796 4222 1853 4264 r:
1895 4207 2118 4264 mortui
2148 4208 2197 4264 P
2228 4202 2254 4286 Η
2287 4205 2370 4265 20
2413 4206 2587 4266 nullo

415 4295 620 4353 labore
663 4309 802 4353 ‘nost
848 4313 958 4352 nec
1001 4295 1209 4352 laboro
1254 4295 1303 4351 P
1335 4289 1360 4372 ΙΙ
1393 4294 1474 4351 22
1521 4293 1746 4352 scimus
1789 4309 1903 4351 nos
1945 4291 2289 4352 addidimus
2318 4289 2343 4370 ΙΙ

2211 4407 2280 4460 2*
