3309 5192
1492 534 1958 609 —120—

625 756 768 805 nata
811 752 952 803 sunt
992 745 1115 803 nisi
1145 744 1454 821 pabulum,
1503 762 1570 801 so
1609 742 1770 802 weiss
1815 763 1954 801 man
1996 744 2167 802 nicht
2210 744 2317 801 auf
2355 762 2478 802 was
2522 763 2663 801 man
2706 745 2811 802 das

627 834 927 891 Neutrum
957 830 1065 889 illa
1090 830 1381 889 beziehen
1410 830 1548 889 soll.
1611 833 1790 889 Denn
1819 831 2026 906 selbst,
2056 850 2233 888 wenn
2261 849 2399 888 man
2428 828 2542 888 mit
2564 832 2815 889 Norden

633 918 746 993 (De
789 918 941 976 Min.
990 917 1118 975 Fel.
1167 924 1362 976 aetate
1419 926 1478 974 et
1529 936 1748 991 genere
1794 916 2038 974 dicendi
2086 915 2251 975 1897
2301 918 2360 975 S.
2399 912 2503 989 34)
2558 916 2625 974 in
2668 917 2813 975 feris

625 1004 826 1065 beluis
857 1004 959 1062 ein
985 1005 1343 1080 Asyndeton
1370 1002 1701 1062 bimembre
1733 1003 2042 1061 erblicken
2080 1003 2305 1076 wollte‚
2354 1022 2421 1061 so
2466 1002 2665 1061 bleibt
2706 1004 2817 1061 illa

628 1090 925 1168 anstossig,
982 1090 1058 1147 da
1109 1108 1248 1147 man
1300 1091 1456 1147 auch
1509 1108 1576 1147 so
1620 1090 1779 1147 noch
1824 1088 2157 1165 unbedingt
2206 1089 2351 1146 illae
2383 1134 2397 1147 .
2435 1133 2447 1146 .
2483 1107 2709 1164 pronae
2744 1133 2757 1146 .
2798 1133 2812 1147 .

629 1184 947 1254 uergentes
980 1218 994 1232 .
1032 1222 1045 1235 .
1075 1184 1250 1235 natae
1297 1182 1591 1235 erwartet.
1684 1177 1861 1234 Denn
1899 1175 2048 1247 ,feris
2094 1176 2183 1233 als
2226 1176 2633 1233 Masculinum
2683 1176 2817 1232 auf-

630 1262 919 1339 aufassen,
973 1262 1135 1320 halte
1179 1262 1280 1321 ich
1322 1264 1423 1320 fiir
1465 1282 1615 1338 ganz
1657 1261 2028 1337 unmoglicn.
2119 1261 2225 1320 Ich
2279 1262 2498 1336 glaube
2543 1262 2809 1337 deshalb,

630 1348 747 1408 dass
775 1350 1046 1409 Bahrens
1089 1349 1199 1406 auf
1222 1349 1326 1406 der
1354 1348 1654 1424 richtigen
1686 1349 1906 1407 Fahrte
1949 1368 2085 1423 war,
2136 1367 2313 1405 wenn
2342 1370 2405 1407 cr
2435 1348 2571 1406 eine
2599 1349 2814 1406 Lflcke

630 1437 917 1509 annahm;
976 1455 1092 1492 nur
1143 1435 1226 1493 ist
1279 1436 1411 1493 sein
1454 1434 1815 1511 Vorschlag:
1874 1454 2011 1493 cum
2054 1454 2090 1491 a
2136 1430 2473 1511 [pecoribus
2519 1431 2601 1510 et]
2668 1434 2814 1493 feris

628 1523 830 1581 beluis
860 1521 1185 1597 grundlioh
1212 1522 1485 1580 verfehlt.
1540 1523 1634 1580 Im
1656 1520 1955 1579 Hinblick
1986 1520 2093 1578 auf
2111 1521 2254 1578 Sall.
2286 1523 2415 1578 Cat.
2452 1521 2510 1596 1,
2539 1522 2573 1578 1
2609 1539 2816 1578 omnes

629 1607 908 1667 homines
962 1606 1071 1682 qui
1113 1626 1244 1666 sese
1301 1608 1544 1667 student
1593 1615 1896 1683 praestare
1945 1606 2157 1665 ceteris
2200 1606 2593 1679 animalibu83
2652 1609 2811 1681 Son„

633 1697 707 1753 de
760 1694 851 1752 ira
897 1694 956 1770 7,
984 1694 1066 1751 14
1123 1712 1261 1752 cum
1301 1712 1448 1751 uero
1500 1714 1536 1751 a
1581 1692 1798 1753 ceteris
1850 1693 2209 1751 animalibus
2262 1694 2378 1751 hoc
2435 1712 2625 1769 paene
2683 1693 2815 1751 solo

634 1781 980 1838 differamus
1033 1779 1196 1853 quod
1237 1823 1250 1837 .
1287 1793 1332 1850 .;
1390 1779 1660 1856 Ooripp.,
1718 1780 1781 1837 in
1824 1780 1987 1837 laud.
2035 1779 2258 1838 Iustini
2304 1780 2363 1856 2,
2392 1780 2470 1838 21
2528 1778 2817 1854 produxit

632 1866 844 1943 pronis
887 1864 1171 1923 animalia
1215 1874 1410 1924 cetera
1440 1866 1724 1924 membris
1755 1867 1953 1924 solum
1981 1865 2291 1923 hominem
2334 1874 2587 1941 rectum,
2634 1885 2816 1940 quem

637 1971 779 2011 mox
808 1951 1041 2011 ratione
1071 1951 1367 2028 repleuit3
1400 1953 1632 2011 Ennod.
1661 1953 1765 2030 81,
1788 1952 1826 2010 2
1855 1948 1969 2031 (ed.
1994 1954 2209 2028 Vogel.
2237 1973 2297 2028 p.
2330 1951 2473 2027 109,
2499 1947 2604 2027 30)
2636 1952 2818 2026 quid-

638 2038 788 2114 quid
831 2058 866 2095 a
909 2038 1126 2096 ceteris
1169 2038 1532 2096 animalibus
1561 2038 1743 2097 iussit
1770 2039 1837 2096 in
1879 2039 2124 2096 homine
2155 2039 2352 2096 inesse
2380 2037 2811 2115 praestantius;

639 2124 764 2184 Cic.
815 2125 888 2182 de
932 2125 1050 2200 leg.
1104 2125 1162 2201 1,
1189 2124 1250 2201 9,
1277 2123 1356 2182 26
1401 2144 1543 2183 nam
1586 2145 1723 2183 cum
1761 2132 1987 2183 ceteras
2031 2125 2365 2193 animantes
2395 2124 2714 2183 abiecisset
2742 2123 2818 2180 ad

635 2219 896 2288 pastum,
942 2212 1142 2269 solum
1170 2211 1476 2269 hominem
1516 2210 1734 2284 erexit3
1780 2212 1969 2287 Lact.,
2018 2210 2158 2268 inst.
2196 2212 2341 2287 2,1,
2368 2212 2453 2268 14
2494 2229 2634 2267 nam
2680 2230 2835 2271 cum.

640 2306 870 2355 ceterae
901 2296 1234 2356 animantes
1264 2298 1472 2372 pronis
1503 2297 1857 2373 corporibus
1886 2297 1953 2354 in
1981 2298 2231 2355 humum
2260 2299 2536 2373 spectent
2564 2306 2626 2356 et
2650 2316 2709 2371 q.
2736 2309 2815 2369 s.;

642 2384 699 2459 7,
727 2382 785 2458 5,
815 2381 899 2441 20
943 2391 1138 2441 cetera
1181 2384 1464 2442 animalia
1507 2383 1571 2441 in
1607 2384 1861 2442 humum
1904 2390 2165 2459 uergunt
2206 2384 2359 2441 wird
2402 2383 2702 2441 vielmehr
2746 2402 2821 2440 zu

637 2468 805 2529 lesen
835 2469 995 2529 sein:
1031 2489 1166 2528 cum
1197 2490 1231 2527 8
1263 2470 1480 2530 ceteris
1502 2470 1863 2528 animalibus
1887 2464 2209 2546 (worunter
2242 2470 2340 2527 die
2371 2470 2621 2528 zahmen
2643 2469 2820 2527 Tiere

639 2576 714 2613 zu
771 2556 1088 2613 verstehen
1144 2551 1299 2635 sind)
1364 2576 1432 2615 ac
1482 2556 1626 2613 feris
1685 2555 1882 2615 beluis
1936 2558 2053 2614 hoc
2107 2556 2467 2614 differamus,
2560 2559 2633 2615 In
2684 2557 2822 2614 dem

640 2641 1051 2700 Uncialcodex
1096 2643 1271 2702 stand
1312 2643 1702 2701 vermutlich:

1087 2766 1183 2849 [λ
1226 2777 1630 2856 cetenis
1677 2740 2227 2848 amenum-1
2344 2772 2411 2827 16

1120 2872 1184 2940 λ
1226 2883 1279 2938 c
1325 2858 1606 2959 Fems
1652 2845 1981 2943 beluus
2028 2857 2214 2939 boc
2340 2876 2410 2930 16

642 3017 953 3077 Nachdem
983 3018 1082 3076 die
1116 3027 1270 3077 erste
1301 3020 1470 3077 Zeile
1502 3050 1589 3062 —
1616 3040 1829 3097 wegen
1859 3020 1965 3078 des
1995 3019 2274 3096 gleichen
2304 3020 2578 3095 Anfangs
2610 3015 2717 3095 (ac)
2741 3050 2826 3061 —-

644 3104 1011 3180 ausgefallen
1066 3125 1203 3182 war,
1260 3107 1464 3165 wurde
1522 3108 1626 3165 das
1680 3127 1749 3166 ac
1804 3107 1909 3164 der
1963 3105 2215 3165 zweiten
2259 3105 2426 3164 Zeile
2478 3106 2827 3182 gewaltsam

645 3190 711 3249 in
758 3211 793 3249 8
835 3190 1176 3267 korrigiert.

772 3280 878 3335 An
920 3278 1025 3336 der
1071 3278 1259 3337 Stelle
1306 3277 1409 3355 20,
1435 3279 1477 3337 4
1532 3278 1683 3355 quid
1726 3278 1865 3336 illas
1909 3278 2102 3336 aniles
2146 3278 2379 3336 fabulas
2426 3287 2489 3336 et
2534 3297 2590 3351 q.
2642 3296 2688 3336 s.
2744 3276 2826 3334 ist

643 3362 830 3421 schon
882 3382 1002 3421 von
1054 3364 1520 3423 verschiedenen
1573 3365 1782 3423 Seiten
1840 3384 1945 3422 aus
2004 3364 2139 3423 eine
2195 3365 2405 3423 Lficke
2464 3364 2826 3439 empfunden

643 3450 904 3526 worden,
953 3452 1095 3508 aber
1136 3470 1258 3509 was
1303 3471 1442 3509 man
1473 3460 1715 3526 erganzt
1759 3451 1882 3528 hat,
1928 3450 2011 3508 ist
2039 3454 2211 3509 mehr
2242 3451 2388 3509 oder
2417 3451 2682 3527 weniger
2723 3450 2829 3507 be-

647 3534 931 3594 denklich
973 3537 1097 3594 und
1141 3537 1644 3613 palaographisch
1673 3537 1842 3595 nicht
1886 3557 1958 3594 zu
1996 3537 2441 3614 rechtfertigen.
2519 3534 2828 3595 Minucius

649 3622 849 3680 dur-ste
894 3621 1286 3698 geschrieben
1329 3624 1552 3682 haben:
1602 3623 1752 3697 quid
1794 3622 1935 3681 illas

1194 3739 1532 3837 &mles
1576 3739 2011 3837 Fabulis
2241 3770 2310 3825 13

1163 3854 1526 3950 [bucam
1570 3861 1689 3939 0-6-
1737 3856 2133 3951 Floras]
2235 3873 2305 3928 13

645 4015 720 4073 de
774 4014 1124 4075 hominibus
1176 4036 1320 4075 aues
1376 4024 1438 4076 et
1490 4018 1644 4075 feras
1700 4037 1908 4076 omnes
1963 4025 2025 4077 et
2070 4019 2144 4076 de
2196 4016 2546 4076 hominibus
2591 4017 2832 4075 arbores

646 4108 829 4175 atque
873 4097 1096 4161 flores?

779 4187 886 4245 Mit
928 4188 1274 4249 ziemlicher
1319 4190 1658 4249 Sicherheit
1712 4190 1843 4249 lasst
1886 4190 2017 4249 sich
2061 4190 2214 4249 auch
2260 4189 2357 4249 die
2402 4190 2613 4248 Lsscke
2661 4186 2764 4262 23,
2793 4185 2831 4245 ὅ

647 4273 797 4331 alibi
825 4276 1123 4334 Hercules
1155 4283 1417 4337 stercora
1447 4276 1639 4353 egerit
1669 4276 1991 4336 ausffillen.
2060 4281 2262 4337 Wenn
2292 4275 2602 4335 Minucius
2629 4273 2834 4352 gleich
