3309 5192
1538 555 1953 630 -28-.

656 790 937 838 numen
989 766 1665 861 praestantissimae
1720 765 2013 854 mentiS,
2072 787 2223 857 quo
2279 765 2520 836 omnis
2567 776 2835 839 natu,a

588 905 624 958 5
660 887 1068 981 inspiretur
1111 895 1502 959 moueatur
1545 885 1790 957 alatur
1830 885 2334 982 gubernetur?
2390 886 2682 958 caelum
2717 888 2836 980 ip-

657 1030 822 1079 sum
856 1007 1031 1080 uide
1071 1032 1296 1101 quam
1330 1007 1481 1080 late
1518 1006 1872 1096 tenditur,
1930 1029 2159 1099 quam
2185 1007 2445 1101 rapide
2473 1005 2829 1098 uoluitur,

656 1126 783 1200 uel
837 1129 1040 1220 quod
1087 1129 1169 1200 in
1217 1135 1518 1200 noctem
1563 1127 1777 1199 astris
1822 1126 2306 1222 distinguitur
2349 1125 2480 1198 uel
2514 1129 2715 1220 quod
2751 1130 2834 1200 in

657 1248 856 1320 diem
892 1246 1050 1321 sole
1076 1248 1466 1322 lustratur:
1521 1249 1673 1320 iam
1710 1249 1897 1320 scies
1934 1270 2161 1339 quam
2189 1246 2282 1318 sit
2315 1247 2398 1319 in
2435 1271 2525 1319 eo
2563 1249 2834 1320 summi
2861 1276 2887 1314 ⁵

656 1370 1144 1441 moderatoris
1209 1370 1398 1440 mira
1461 1377 1536 1441 et
1600 1369 1861 1440 diuina
1925 1367 2251 1439 libratio,
2342 1367 2517 1440 uide
2572 1377 2649 1440 et
2700 1394 2838 1463 per

657 1514 939 1561 annum
982 1497 1068 1562 ut
1111 1487 1288 1561 solis
1331 1488 1654 1561 ambitus
1700 1486 1947 1578 faciat,
2008 1496 2085 1560 et
2118 1511 2257 1582 per
2289 1511 2624 1561 mensem
2658 1490 2835 1562 uid-e

586 1628 622 1682 6
657 1618 742 1682 ut
784 1610 1046 1683 lunam
1091 1610 1566 1705 circumagat.
1661 1609 1845 1703 quid
1891 1610 2369 1682 tenebrarum
2421 1617 2497 1680 et
2529 1608 2835 1682 luminis

658 1731 904 1803 dicam
937 1739 1401 1802 recursantes
1438 1730 1665 1820 uiceS,
1723 1738 1807 1802 ut
1842 1731 1937 1802 sit
1971 1729 2188 1801 nobis
2226 1717 2473 1822 op'eris
2512 1738 2590 1802 et
2623 1731 2836 1823 quie-

654 1851 750 1922 tis
812 1850 1102 1922 alterna
1153 1851 1576 1943 reparatio?
1656 1849 2155 1943 relinquenda
2206 1873 2388 1922 uero
2442 1850 2835 1947 astrologis
2866 1877 2917 1918 10

654 1971 1023 2066 prolixior
1071 1971 1162 2042 de
1207 1971 1536 2043 siderum
1585 1980 1812 2043 auctu
1848 1971 2056 2042 senio
2092 1970 2350 2041 labore
2389 1969 2648 2061 oratio,
2706 1972 2834 2044 uel

656 2093 859 2184 quod
920 2100 1184 2188 regant
1253 2115 1552 2164 cursum
1621 2091 2032 2187 nauigandi
2095 2090 2226 2162 uel
2296 2092 2498 2183 quod
2570 2092 2831 2164 arandi

654 2213 1139 2305 metendique
1208 2221 1503 2306 tempus
1573 2211 1933 2283 indicant.
2048 2235 2242 2304 quae
2314 2211 2610 2307 singula
2679 2237 2833 2285 non

652 2334 876 2405 modo
943 2341 1030 2404 ut
1084 2343 1514 2405 crearentur
1579 2333 1849 2404 fierent
1902 2333 2493 2426 disponerentur,
2564 2333 2832 2404 summi

655 2453 944 2548 opificis
983 2461 1060 2525 et
1094 2451 1474 2548 perfectae
1511 2453 1821 2524 rationis
1860 2461 2247 2548 eguerunt,
2306 2477 2571 2525 uerum
2609 2453 2832 2526 etiam
2862 2483 2911 2524 ιο

654 2575 913 2647 sentiri
979 2573 1308 2667 perspici
1377 2572 1723 2668 intellegi
1787 2573 1947 2644 sine
2007 2597 2299 2649 ‚summa
2360 2572 2694 2645 sollertia
2759 2581 2835 2646 et

585 2716 616 2768 7
652 2694 942 2767 ratione
1010 2717 1166 2764 non
1225 2701 1558 2786 possunt.
1651 2693 1855 2786 quid,
1927 2718 2099 2765 cum
2164 2695 2345 2766 ordo
2407 2701 2833 2788 temporum

653 2838 740 2884 ac
777 2811 1081 2908 frugum
1117 2811 1368 2885 stabili
1401 2813 1765 2885 uarietate
1815 2814 2315 2910 distinguitur,
2372 2838 2624 2886 nonne
2662 2837 2834 2886 auc-

653 2943 892 3006 torem
945 2957 1164 3005 suum
1222 2942 1760 3027 parentemque
1814 2942 2129 3006 testatur
2180 2958 2315 3006 uer
2368 2957 2606 3027 aeque
2662 2958 2833 3007 cum

653 3055 805 3126 suis
849 3053 1158 3126 floribus
1198 3063 1273 3126 et
1308 3063 1546 3126 aestas
1585 3080 1757 3127 cum
1794 3056 1945 3127 suis
1982 3055 2343 3130 messibus
2382 3062 2458 3126 et
2492 3056 2833 3128 autumni
2859 3084 2914 3126 20

652 3175 1040 3248 maturitas
1093 3184 1304 3270 grata
1358 3184 1433 3248 et
1479 3175 1780 3248 hiberni
1827 3175 2125 3248 oliuitas
2177 3171 2425 3247 laeta‘?
2495 3199 2834 3248 necessa-

650 3295 805 3368 rius
843 3296 974 3389 qui
1011 3297 1192 3368 ordo
1231 3292 1453 3368 facile
1491 3298 1937 3386 turbaretur,
1994 3295 2142 3367 nisi
2177 3295 2505 3366 maxima
2542 3297 2832 3367 ratione

579 3436 616 3490 8
652 3416 1114 3489 consisteret.
1203 3417 1355 3488 iam
1408 3417 1929 3510 prouidentiae
1986 3423 2330 3509 quantae,
2389 3440 2485 3487 ne
2536 3415 2831 3510 hiemps

652 3536 812 3608 sola
871 3536 1112 3632 glacie
1177 3545 1428 3608 ureret
1491 3545 1620 3608 aut
1672 3536 1831 3607 sola
1884 3544 2123 3608 aestas
2176 3537 2437 3607 ardore
2492 3543 2827 3625 torreret,

652 3657 994 3729 autumni
1049 3665 1126 3728 et
1177 3656 1378 3728 ueris
1429 3657 1874 3729 interserere
1912 3657 2244 3729 medium
2289 3664 2831 3750 temperamen-
2858 3686 2913 3729 25

804 3846 841 3904 6
877 3854 936 3905 et
970 3848 1004 3904 7
1053 3866 1163 3922 per
1205 3863 1319 3904 nos
1346 3844 1715 3904 inseruimus
1754 3843 1779 3927 Η
1825 3846 1865 3904 8
1910 3846 2115 3904 lunam
2158 3861 2301 3905 nos:
2348 3846 2493 3903 luna
2523 3853 2705 3904 auctu
2735 3865 2829 3904 se-

648 3933 754 3990 nio
784 3933 991 3991 labore
1031 3933 1080 3990 P
1126 3931 1200 4007 cf.
1233 3949 1294 3990 u.
1332 3934 1410 3990 11
1454 3927 1481 4011 ΙΙ
1524 3933 1605 3993 10
1650 3933 1973 4009 astrologis
2002 3932 2051 3989 P
2096 3950 2244 3992 corr.
2276 3951 2359 3992 m.
2391 3933 2424 3990 1
2468 3949 2537 3990 θα)
2578 3932 2831 3990 asti-ole-

651 4019 747 4096 gis
788 4014 813 4098 ΙΙ
865 4020 941 4076 11
993 4019 1066 4077 de
1113 4019 1378 4078 siderum
1423 4027 1602 4077 auctu
1647 4019 1816 4077 senio
1848 4018 2056 4077 labore
2100 4034 2243 4078 nos:
2293 4019 2365 4077 de
2413 4018 2713 4077 sideribus
2757 4017 2827 4095 P,

651 4105 722 4180 cfi
757 4123 818 4164 u.
853 4106 892 4164 8
936 4101 961 4185 ΙΙ
1014 4105 1094 4164 13
1141 4106 1412 4166 indicant
1449 4103 1777 4164 Danielus:
1826 4107 2114 4166 inducant
2140 4106 2189 4162 P
2231 4100 2256 4184 ΙΙ
2304 4105 2383 4163 16
2428 4104 2727 4182 perspicis
2757 4103 2825 4178 P,

651 4190 752 4250 sed
781 4211 809 4250 s
840 4209 1010 4250 erasa
1039 4188 1063 4271 ΙΙ
1098 4193 1177 4250 21
1210 4191 1449 4250 hiberni
1477 4187 1910 4270 (Baehrmsius)
1938 4191 2186 4251 oliuitas
2213 4186 2424 4250 laeta?
2453 4185 2829 4250 necessarius

652 4294 790 4336 nos:
823 4278 1074 4336 hiberna
1104 4278 1352 4337 oliuitas
1381 4279 1716 4338 necessaria
1738 4278 1786 4336 P
1826 4276 1852 4357 11
1894 4278 1974 4337 25
2008 4279 2362 4337 interserere
2394 4276 2825 4337 Heumaomust
