3309 5192
1562 573 1666 584 -
1720 529 1975 604 54.—

677 740 1025 836 religiose
1100 738 1505 823 deuoratis;
1589 738 1774 811 item
1843 741 2072 812 boum
2144 741 2393 834 capita
2471 749 2546 814 et
2610 742 2857 835 capita

677 885 1086 934 ueruecum
1140 869 1214 932 et
1273 857 1681 932 immolatis
1737 867 1813 932 et
1866 859 2133 950 colitis,
2203 862 2295 932 de
2350 885 2575 956 capro
2632 863 2857 947 etiam

682 991 756 1055 et
808 981 1113 1054 homine
1168 981 1442 1052 mixtos
1499 981 1675 1052 deos
1732 990 1807 1053 et
1858 980 2163 1053 leonum
2210 989 2285 1054 et
2332 1006 2603 1055 canum
2638 983 2861 1054 uultu

606 1117 643 1174 8
681 1104 857 1175 deos
904 1102 1282 1174 dedicatis.
1373 1124 1626 1174 nonne
1681 1109 1757 1174 et
1793 1101 1998 1195 Apin
2034 1102 2310 1174 bouem
2347 1127 2516 1174 cum
2554 1103 2862 1198 Aegyp-

678 1225 800 1298 tiis
855 1222 1176 1294 adoratis
1233 1231 1309 1294 et
1359 1222 1712 1316 pascitis?
1781 1245 1923 1294 nec
1978 1245 2236 1294 eorum
2292 1247 2499 1294 sacra
2555 1225 2861 1295 damna·
2887 1259 2913 1297 ⁵

679 1345 773 1418 tis
827 1344 1167 1416 instituta
1219 1343 1691 1437 serpentibus
1742 1351 1817 1415 et
1860 1343 2125 1414 auibus
2171 1352 2245 1415 et
2288 1344 2639 1436 piscibuS,
2700 1369 2862 1417 cro-

681 1463 996 1554 nodulis,
1070 1462 1463 1557 beluisque
1519 1463 1807 1552 ceteriS,
1878 1487 2196 1556 quorum
2252 1464 2579 1556 aliquem
2638 1466 2862 1537 deum

611 1602 646 1656 9
683 1587 746 1656 si
773 1584 942 1679 quis
970 1584 1348 1672 occiderit,
1382 1585 1607 1656 etiam
1635 1585 1881 1677 capite
1912 1585 2242 1677 punitur.
2328 1585 2531 1656 idem
2557 1585 2865 1682 Aegyp-

681 1706 770 1779 tii
839 1729 1008 1776 cum
1077 1703 1460 1798 plerisque
1525 1705 1742 1777 uobis
1808 1728 1963 1777 non
2018 1707 2252 1800 magis
2304 1705 2583 1777 Isidem
2636 1730 2863 1799 quam

685 1849 1038 1918 ceparum
1076 1824 1518 1913 acrimonias
1554 1833 1919 1916 metuunt,
1974 1849 2116 1897 nec
2153 1826 2592 1920 Serapidem
2629 1827 2864 1922 magis
2893 1858 2945 1898 ιο

685 1971 911 2040 quam
949 1946 1298 2039 strepitus
1334 1969 1472 2038 per
1507 1947 1863 2039 pudenda
1899 1948 2229 2040 corporis
2274 1971 2661 2041 expressos
2689 1971 2865 2019 con-

581 2083 649 2138 10
684 2075 1160 2140 tremescunt.
1254 2067 1482 2138 etiam
1534 2064 1689 2156 ille,
1752 2067 1885 2160 qui
1939 2068 2029 2139 de
2085 2069 2408 2140 adoratis
2462 2069 2865 2140 sacerdotis

682 2188 1029 2261 uirilibus
1096 2188 1496 2259 aduersum
1555 2211 1693 2258 nos
1756 2184 2157 2278 fabulatur,
2228 2195 2546 2281 temptat
2596 2188 2679 2259 in
2729 2212 2865 2259 nos

685 2306 1026 2382 conferre
1101 2331 1297 2401 quae
1363 2331 1496 2380 sua
1579 2316 1773 2379 sunt.
1886 2309 2029 2380 ista
2102 2308 2303 2380 enim
2373 2308 2865 2401 inpudicitiae

686 2454 943 2503 eorum
998 2427 1310 2501 forsitan
1363 2452 1572 2501 sacra
1624 2428 1792 2518 sint,
1851 2430 2052 2522 apud
2106 2451 2291 2520 quos
2347 2451 2569 2501 sexus
2624 2429 2865 2500 omnis
2893 2464 2945 2504 15

687 2551 1037 2623 membris
1093 2550 1438 2621 omnibus
1491 2557 1796 2642 prostat,
1856 2550 2057 2643 apud
2112 2572 2299 2641 quos
2353 2557 2508 2622 tota
2565 2549 2868 2642 inpudi-

689 2673 862 2744 citia
944 2678 1258 2742 uocatur
1327 2671 1731 2758 urbanitas,
1820 2670 1953 2762 qui
2025 2678 2436 2742 scortorum
2514 2669 2866 2741 licentiae

688 2792 1054 2878 inuident‚
1113 2790 1246 2882 qui
1298 2790 1582 2860 medios
1624 2791 1826 2861 uiros
1869 2790 2235 2872 lambunt,
2290 2790 2692 2862 libidinoso
2741 2813 2868 2861 ore

689 2911 1123 3006 inguinibus
1195 2911 1749 3000 inhaerescunt,
1838 2911 2181 2982 homines
2247 2910 2488 2983 malae
2561 2913 2867 3008 linguae

691 3033 917 3103 etiam
971 3031 1034 3102 si
1086 3039 1438 3120 tacerent,
1498 3055 1685 3124 quos
1738 3033 1945 3125 prius
1989 3032 2348 3104 taedescit
2382 3032 2869 3125 inpudicitiae
2901 3065 2953 3108 20

585 3163 653 3216 11
692 3176 870 3224 suae
908 3177 1132 3246 quam
1168 3153 1532 3246 pudescit.
1614 3176 1753 3246 pro
1800 3150 2043 3225 nefas!
2102 3153 2181 3224 id
2226 3153 2305 3223 in
2353 3177 2429 3224 se
2470 3153 2651 3226 mali
2689 3151 2873 3224 faci-

691 3274 894 3346 noris
941 3274 1365 3359 admittunt,
1424 3275 1628 3366 quod
1671 3297 1814 3345 nec
1859 3283 2060 3346 aetas
2097 3281 2344 3367 potest
2380 3275 2539 3367 pati
2576 3273 2876 3346 mollior

587 3397 677 3464 29
695 3418 837 3466 nec
891 3394 1057 3490 cogi
1113 3395 1432 3466 seruitus
1488 3395 1762 3466 durior.
1853 3394 2042 3467 haec
2098 3403 2173 3466 et
2228 3394 2658 3467 huiusmodi
2700 3418 2874 3488 pro-

691 3516 924 3609 pudia
962 3538 1154 3608 quae
1191 3515 1408 3586 nobis
1444 3539 1598 3587 non
1633 3514 1815 3586 licet
1848 3539 1988 3587 nec
2028 3516 2307 3604 audire,
2350 3516 2573 3587 etiam
2615 3512 2877 3587 defen-

695 3636 871 3708 dere
925 3635 1268 3729 pluribus
1321 3643 1540 3728 turpe
1597 3643 1747 3724 est3
1807 3659 1894 3707 ea
1950 3636 2149 3707 enim
2197 3637 2288 3707 de
2337 3636 2554 3708 castis
2597 3636 2875 3731 fingitis
2904 3668 2957 3708 25

845 3826 882 3883 2
928 3824 1252 3883 uerbecum
1282 3825 1330 3882 P
1359 3841 1440 3883 m.
1474 3826 1524 3883 1.
1560 3821 1586 3904 ΙΙ
1620 3824 1658 3883 3
1690 3825 1869 3883 uultu
1908 3822 2213 3884 Gelmius:
2261 3825 2470 3884 uultus
2500 3825 2549 3882 P
2580 3819 2605 3904 ΙΙ
2638 3827 2679 3882 4
2710 3824 2879 3900 Apin

696 3909 1009 3969 Halmius:
1058 3931 1213 3987 apen
1242 3912 1290 3969 P
1322 3907 1345 3989 ΙΙ
1381 3911 1419 3970 6
1463 3911 1644 3970 uerba
1691 3918 1751 3969 et
1780 3910 1996 3970 auibus
2026 3918 2087 3970 et
2114 3912 2385 3988 piscibus
2430 3911 2703 3986 leywntur
2729 3910 2802 3968 in
2829 3911 2878 3968 P

691 4003 826 4074 post
869 3997 1084 4057 ceteris
1117 3996 1194 4076 (u.
1233 3995 1292 4074 7)
1273 3993 1361 4077 )ΙΙ
1404 4000 1439 4056 ’7
1488 3999 1822 4072 ceterisque
1867 4014 2009 4055 nos:
2059 4000 2273 4058 ceteris
2303 3999 2351 4056 P
2392 3993 2417 4076 ΙΙ
2464 3997 2503 4056 9
2550 3997 2728 4058 uobis
2770 3995 2881 4056 Ur-

696 4083 895 4143 smus:
943 4085 1260 4143 uobiscum
1304 4085 1352 4142 P
1385 4080 1410 4164 ΙΙ
1457 4085 1538 4143 14
1583 4085 1735 4143 istae
1780 4083 2077 4143 Kochius:
2127 4084 2243 4143 ista
2286 4085 2336 4142 P
2369 4080 2395 4163 ΙΙ
2426 4083 2785 4161 impuditiae
2830 4083 2879 4140 P

698 4168 832 4229 add.
865 4189 912 4229 s.
948 4169 984 4228 l.
1035 4171 1092 4228 ci
1134 4189 1216 4230 m.
1250 4171 1298 4230 1.
1349 4166 1374 4249 Η
1420 4171 1502 4229 24
1549 4191 1701 4246 quae
1746 4187 1858 4229 nos
1899 4169 2269 4230 meruimus
2312 4168 2336 4249 ΙΙ
2378 4171 2695 4230 defendere
2740 4171 2880 4248 plu-

697 4257 866 4314 ribus
910 4265 1085 4334 turpe
1129 4273 1271 4317 nos:
1319 4258 1596 4334 pluribus
1641 4266 1817 4334 turpe
1866 4258 2184 4316 defendere
2227 4258 2277 4315 P
2311 4255 2333 4336 Η
