3309 5192
1381 531 1793 604 -71-

501 749 728 835 caput
753 764 908 813 non
937 763 1396 829 coronamus,
1437 741 1839 836 ignoscite:
1892 766 2149 813 auram
2177 742 2452 813 bonam
2480 741 2682 813 floris

498 861 804 934 naribus
877 863 1173 951 ducere,
1246 885 1400 934 non
1471 863 1824 956 occipitio
1896 861 2286 956 capillisue
2357 860 2681 934 solemus

497 980 822 1054 haurire.
915 1005 1058 1054 nec
1103 990 1432 1055 mortuos
1479 1007 1943 1056 coronamus.
2037 1005 2175 1078 ego
2226 1004 2360 1053 uos
2405 981 2486 1052 in
2532 981 2679 1053 hoc
2715 1002 2751 1055 3

499 1103 734 1197 magis
789 1100 1037 1190 miror,
1112 1104 1741 1195 quemadmodum
1796 1103 2138 1178 tribuatis
2194 1101 2525 1173 exanimi
2574 1141 2679 1152 —--

445 1259 472 1297 5
499 1232 630 1296 aut
674 1222 1026 1296 sentienti
1073 1229 1348 1296 sortem
1393 1233 1521 1298 aut
1556 1249 1709 1296 non
1748 1223 2099 1296 sentienti
2152 1262 2253 1273 —
2301 1245 2674 1310 coronam,

501 1368 673 1415 cum
745 1350 820 1415 et
887 1344 1152 1415 beatus
1222 1367 1377 1415 non
1442 1353 1657 1440 egeat
1730 1353 1804 1417 et
1864 1344 2089 1417 miser
2150 1366 2306 1413 non
2357 1342 2681 1437 gaudeat

496 1462 826 1535 floribus.
920 1471 996 1536 at
1050 1463 1252 1536 enim
1299 1488 1436 1537 nos
1484 1466 1877 1560 exsequias
1924 1466 2369 1537 adornamus
2416 1462 2680 1534 eadem
2714 1479 2749 1532 4

498 1583 1043 1677 tranquillitate
1081 1608 1232 1677 qua
1267 1585 1620 1677 uiuimus,
1658 1611 1799 1659 nec
1836 1586 2299 1658 adnectimus
2336 1606 2676 1656 arescen-

498 1712 651 1776 tem
706 1727 1078 1794 coronam,
1138 1706 1267 1776 sed
1321 1731 1366 1776 a
1419 1708 1558 1780 deo
1615 1707 1937 1779 aeternis
1989 1706 2297 1778 floribus
2344 1704 2678 1775 uiuidam

420 1865 471 1906 10
498 1825 974 1897 sustinemus:
1034 1826 1294 1918 quieti,
1351 1828 1692 1918 modesti,
1751 1829 1841 1900 de
1898 1827 2022 1899 dei
2067 1825 2303 1899 nostri
2345 1823 2680 1896 liberali-

496 1953 649 2019 tate
704 1947 951 2017 securi
1002 1969 1133 2038 spe
1188 1943 1483 2020 futurae
1539 1944 1919 2021 felicitatis
1973 1947 2271 2038 fideque
2325 1968 2677 2039 praesen-

497 2066 590 2136 tis
663 2065 823 2137 eius
886 2067 1288 2139 maiestatis
1343 2067 1786 2139 animamur.
1886 2069 1991 2140 sic
2046 2075 2120 2139 et
2170 2066 2374 2138 beati
2434 2088 2679 2136 resur-

499 2209 757 2280 gemus
813 2194 888 2258 et
940 2186 1122 2259 laeti
1176 2184 1411 2260 futuri
1448 2187 2083 2282 contemplatione
2137 2187 2287 2257 iam
2324 2185 2673 2257 uiuimus.

498 2306 814 2399 proinde
870 2306 1210 2379 Socrates
1273 2332 1526 2381 scurra
1579 2309 1874 2380 Atticus
1947 2309 2042 2381 sit
2104 2304 2302 2380 nihil
2355 2329 2432 2377 se
2488 2305 2678 2376 scire
2714 2326 2750 2379 5

419 2469 470 2510 15
499 2422 900 2516 confessuS,
971 2428 1399 2500 testimonio
1453 2429 1813 2500 uidelicet
1865 2425 2322 2500 fallacissimi
2376 2426 2679 2496 daemo-

497 2547 614 2618 nis
685 2545 1070 2642 gloriosuS,
1145 2548 1520 2621 Arcesilas
1593 2573 1894 2642 quoque
1969 2556 2045 2621 et
2118 2547 2537 2622 Carneades
2602 2558 2677 2623 et

497 2667 732 2763 Pyrro
781 2677 855 2741 et
904 2670 1144 2743 omnis
1180 2669 1808 2741 Academicorum
1844 2669 2245 2742 multitudo
2284 2669 2671 2759 deliberet,

498 2787 916 2861 Simonides
953 2789 1179 2863 etiam
1209 2790 1291 2862 in
1327 2798 1780 2884 perpetuum
1826 2792 2444 2885 conperendinet:
2504 2790 2676 2885 phi-

495 2907 984 3003 losophorum
1036 2910 1436 3004 supercilia
1492 2911 2057 3000 contemnimuS,
2132 2935 2318 3004 quos
2374 2936 2675 3005 corrup·

419 3071 470 3113 20
497 3037 696 3102 tores
749 3030 1097 3101 nouimus
1154 3040 1229 3103 et
1279 3039 1632 3125 tyrannos
1687 3039 1761 3102 et
1804 3054 2099 3124 semper
2142 3034 2498 3104 aduersus
2543 3056 2677 3103 sua

495 3149 682 3222 uitia
726 3146 1108 3223 facundos.
1191 3174 1349 3239 nOS,
1409 3150 1541 3242 qui
1574 3175 1729 3222 non
1767 3149 2031 3223 habitu
2068 3137 2510 3245 sapientiam
2547 3153 2677 3224 sed
2710 3177 2745 3230 6

495 3277 747 3342 mente
790 3268 1302 3363 praeferimuS,
1359 3294 1514 3342 non
1552 3270 1976 3364 eloquimur
2012 3295 2284 3367 magna
2318 3274 2449 3344 sed
2486 3272 2676 3343 uiui-

497 3414 682 3480 muS,
758 3389 1166 3486 gloriamur
1227 3415 1364 3462 nos
1432 3400 1869 3463 consecutos
1942 3392 2145 3483 quod
2206 3391 2324 3463 illi
2390 3415 2677 3463 summa

652 3563 685 3620 1
733 3563 953 3621 bonam
982 3559 1286 3621 Halmius:
1335 3564 1492 3621 bona
1535 3581 1618 3622 m.
1650 3565 1725 3640 1.,
1772 3563 1919 3622 boni
1956 3581 2038 3622 m.
2077 3564 2135 3623 2.
2185 3567 2234 3623 Ρ
2280 3561 2307 3642 ΙΙ
2351 3565 2388 3621 2
2436 3564 2675 3640 capillis

496 3667 602 3707 sue
649 3649 882 3707 olemus
925 3651 974 3707 P
1021 3643 1046 3726 Η
1089 3646 1126 3705 5
1175 3657 1278 3708 aut
1321 3649 1608 3709 sentienti
1654 3658 1879 3709 sortem
1920 3667 2060 3709 nos:
2108 3658 2360 3709 autnon
2391 3651 2676 3709 sentienti

495 3735 686 3793 facem
737 3738 786 3794 P
831 3731 855 3810 ΙΙ
898 3735 932 3792 ’7
996 3734 1072 3790 ad
1127 3736 1288 3793 enim
1337 3739 1385 3794 P
1427 3732 1452 3813 ΙΙ
1511 3735 1594 3795 10
1648 3735 1843 3811 quieti
1896 3735 2222 3812 Riqaltius:
2281 3737 2388 3812 qui
2442 3744 2502 3795 et
2553 3739 2601 3794 P
2656 3729 2677 3818 Η

497 3822 570 3879 de
613 3819 871 3881 inseruit
895 3818 1372 3897 Kronenberyius
1407 3819 1434 3901 11
1477 3823 1556 3880 11
1605 3843 1712 3899 spe
1756 3821 2132 3882 Bur-siamus:
2181 3843 2351 3900 spem
2391 3826 2440 3882 P
2472 3819 2496 3903 Η
2528 3824 2677 3882 fide-

498 3927 614 3981 que
644 3924 784 3966 nos:
821 3909 938 3966 fide
969 3910 1018 3966 P
1058 3903 1084 3984 ΙΙ
1128 3908 1208 3965 12
1253 3928 1634 3985 resurgemus
1668 3925 1809 3968 nos:
1844 3910 2215 3986 resurgimus
2244 3913 2293 3969 P
2334 3905 2359 3988 ΙΙ
2404 3909 2482 3968 13
2528 3909 2677 3967 laeti

495 4011 608 4052 nos
637 3991 982 4052 addidimus
1021 3988 1044 4072 ΙΙ
1089 3993 1171 4050 14
1215 3995 1298 4053 sit
1324 4012 1461 4055 nos:
1494 3995 1721 4054 uiderit
1748 3997 1797 4054 P
1837 3992 1861 4073 ΙΙ
1906 3995 1985 4054 15
2025 3996 2316 4056 uidelicet
2342 4011 2482 4055 nos:
2530 3996 2679 4054 licet

497 4082 545 4137 P
585 4075 611 4158 Η
655 4080 736 4138 18
783 4079 1253 4156 conperendinet
1299 4078 1584 4140 Sabaeas:
1634 4083 2075 4158 conpraehendi
2103 4103 2215 4142 nec
2258 4085 2307 4141 P
2346 4079 2373 4160 ΙΙ
2418 4082 2497 4140 19
2544 4101 2678 4141 cor-

495 4173 774 4242 ruptores
817 4181 956 4225 nos:
1006 4174 1386 4243 corruptores
1426 4176 1488 4226 et
1525 4169 1829 4227 adulteros
1868 4171 1916 4226 P
1955 4166 1981 4246 ΙΙ
2023 4170 2102 4228 21
2152 4169 2259 4244 qui
2302 4168 2535 4228 addidit
2565 4167 2675 4226 Ur-

494 4252 670 4311 sinus
710 4249 735 4332 ΙΙ
779 4253 859 4310 22
906 4253 1297 4328 praeferimus
1342 4256 1408 4331 P,
1458 4275 1497 4330 p
1529 4272 1609 4313 m.
1646 4255 1708 4313 2.
1758 4253 1988 4314 addidit
2025 4252 2051 4334 ΙΙ
2093 4255 2174 4314 23
2221 4275 2453 4314 sumam
2496 4259 2545 4315 P
2576 4253 2603 4334 ss
