3309 5192
1632 545 2045 618 „12-

749 755 1101 827 muniunt
1161 777 1538 826 sacrorum
1605 753 2119 852 religionibuS,
2194 756 2413 828 castis
2476 756 2921 853 uirginibuS,

751 873 1007 947 multis
1074 875 1488 948 honoribus
1541 899 1630 947 ac
1683 875 2112 949 nominibus
2179 878 2678 966 sacerdotum3
2746 879 2926 950 dum

750 994 1031 1067 obsessi
1069 1003 1144 1067 et
1180 997 1366 1070 citra
1400 995 1644 1069 solum
1685 997 2146 1091 Capitolium
2183 999 2387 1092 capti
2425 999 2685 1071 colunt
2721 1000 2921 1090 deos,

748 1139 934 1208 quos
989 1114 1182 1188 alius
1235 1117 1388 1189 iam
1439 1118 1844 1211 spreuisset
1896 1126 2303 1212 prostratos
2358 1127 2434 1191 et
2485 1143 2623 1212 per
2661 1119 2926 1192 Gallo-

743 1225 914 1317 rum
967 1236 1165 1309 acies
1219 1237 1654 1310 mirantium
1708 1237 2256 1331 superstitionis
2306 1240 2701 1312 audaciam
2753 1265 2923 1334 per-
2952 1273 2978 1312 5

743 1363 934 1454 gunt
967 1356 1138 1428 telis
1173 1357 1519 1446 inermeS,
1561 1357 1689 1428 sed
1730 1356 1939 1429 cultu
1974 1355 2360 1450 religionis
2398 1361 2695 1449 armati3
2746 1363 2923 1433 dum

744 1476 983 1570 captis
1010 1476 1410 1548 hostilibus
1439 1475 1833 1547 moenibus
1868 1475 2116 1547 adhuc
2152 1473 2565 1550 ferociente
2604 1480 2924 1553 uictoria

741 1596 1054 1669 numina
1123 1596 1326 1668 uicta
1378 1603 1868 1684 uenerantur;
1940 1596 2113 1666 dum
2178 1597 2515 1690 undique
2587 1598 2921 1692 hospites

745 1717 922 1787 deos
979 1722 1352 1809 quaerunt
1405 1724 1480 1788 et
1533 1739 1705 1786 suos
1742 1712 2059 1804 faciunt3
2120 1717 2297 1788 dum
2345 1741 2507 1788 aras
2564 1727 2923 1791 extruunt

669 1855 705 1909 3
745 1835 970 1908 etiam
1005 1835 1282 1932 ignotis
1317 1834 1754 1907 numinibus
1794 1859 1890 1906 ex
1925 1837 2321 1910 manubiis.
2396 1838 2501 1911 sic
2540 1841 2719 1910 dum
2754 1839 2919 1910 uni·
2948 1870 2999 1911 ιο

740 1979 1128 2028 uersarum
1192 1955 1533 2053 gentium
1604 1979 1813 2027 sacra
1880 1956 2315 2051 suscipiunt,
2393 1959 2619 2031 etiam
2687 1983 2921 2056 regna

740 2083 1196 2149 meruerunt.
1279 2077 1461 2148 hinc
1496 2076 2007 2149 uenerationis
2042 2087 2279 2168 tenor,
2338 2079 2472 2172 qui
2507 2087 2919 2174 perpetuus

740 2196 1032 2287 mansit,
1105 2196 1386 2290 quique
1452 2197 1681 2293 longa
1743 2205 1984 2270 aetate
2047 2222 2203 2271 non
2255 2196 2713 2295 infringitur,
2790 2201 2920 2272 sed

741 2311 1089 2412 augetur3'
1146 2318 1429 2413 quippe
1485 2318 1885 2411 antiquitas
1933 2319 2405 2392 caerimoniis
2443 2329 2669 2413 atque
2724 2317 2917 2392 fanis

737 2444 1032 2510 tantum
1087 2439 1496 2511 sanctitatis
1549 2438 1881 2511 tribuere
1919 2441 2315 2513 consueuit
2368 2449 2732 2532 quantum
2788 2442 2919 2511 ad-
2948 2467 2998 2508 ιε

668 2564 706 2630 ’7
739 2559 1012 2631 struxit
1065 2559 1479 2631 uetustatis.
1570 2582 1715 2630 nec
1767 2568 2021 2631 tamen
2074 2568 2357 2632 temere
2412 2559 2676 2655 (ausim
2715 2561 2917 2632 enim

740 2685 816 2749 et
869 2678 1044 2771 ‘ipse
1114 2680 1524 2750 concedere
1601 2677 2081 2752 manifestum
2165 2679 2513 2776 errorem)
2600 2681 2916 2753 maiores

736 2797 972 2870 nostri
1027 2808 1157 2870 aut
1211 2801 1574 2870 obseruan
1585 2800 1696 2871 dis
1733 2800 2064 2895 auguriis
2102 2809 2233 2873 aut
2286 2802 2477 2873 extis
2520 2801 2917 2874 consulen—

741 2916 852 2990 dis
907 2926 1036 2990 aut
1088 2919 1566 2992 instituendis
1636 2920 1863 3005 sacris
1917 2929 2047 2993 aut
2100 2920 2431 2993 delubris
2487 2922 2917 2994 dedicandis

667 3061 702 3114 2
741 3062 1048 3132 operam
1110 3048 1604 3112 nauauerunt.
1714 3049 1969 3134 specta
2031 3042 2498 3114 memoriam:
2569 3043 2721 3114 iam
2794 3065 2919 3114 eos
2947 3068 3001 3110 20

737 3161 1256 3254 deprehendes
1291 3160 1624 3233 initiasse
1664 3162 1849 3233 ritus
1891 3163 2225 3234 omnium
2260 3161 2736 3258 religionum,
2790 3162 2922 3235 uel

733 3289 820 3352 ut
873 3289 1479 3354 remuneraretur
1507 3283 1793 3362 ,diuina
1854 3281 2325 3379 indulgentia
2378 3283 2506 3356 uel
2568 3292 2654 3358 ut
2707 3308 2919 3355 auer-

734 3409 1016 3474 teretur
1068 3402 1468 3474 imminens
1530 3403 1643 3474 ira
1698 3410 1827 3474 aut
1877 3403 2030 3473 iam
2095 3413 2389 3476 tumens
2446 3412 2522 3476 et
2574 3405 2917 3476 saeuiens

885 3574 928 3631 4
969 3580 1303 3649 prostratos
1333 3590 1470 3632 nos:
1512 3574 1699 3634 iratos
1730 3577 1779 3632 P
1810 3569 1836 3654 ΙΙ
1870 3576 1905 3632 7
1956 3574 2147 3651 captis
2184 3573 2493 3635 Ouxelius:
2538 3577 2697 3653 capti
2726 3576 2789 3634 in
2821 3579 2870 3634 P
2898 3571 2921 3650 ΙΙ

737 3658 820 3718 10
864 3660 1047 3717 etiam
1090 3676 1144 3718 r:
1197 3659 1340 3716 dum
1376 3660 1558 3718 etiam
1598 3663 1646 3720 P
1680 3656 1705 3740 ΙΙ
1738 3681 1812 3718 ex
1856 3661 2161 3720 manubiis
2203 3678 2343 3721 nos:
2394 3670 2455 3721 et
2499 3663 2776 3721 manibus
2821 3665 2869 3720 P
2899 3657 2921 3744 Η

736 3747 815 3803 12
863 3752 1212 3804 meruerunt
1254 3761 1311 3804 r:
1359 3753 1597 3805 mei-unt
1641 3749 1690 3806 P
1722 3744 1749 3825 ΙΙ
1779 3745 1921 3806 hine
1966 3748 2373 3807 uenerationis
2402 3757 2595 3826 tenor,
2644 3749 2751 3824 qui
2778 3769 2920 3825 per-

732 3839 954 3908 petuus
998 3831 1220 3890 mansit
1266 3831 1494 3906 quique
1538 3849 1676 3892 nos:
1732 3833 1875 3892 hinc
1917 3842 2247 3910 perpetuus
2290 3835 2699 3894 uenerationis
2744 3843 2919 3894 tenor

732 3917 955 3977 mansit
1001 3917 1109 3991 qui
1152 3920 1201 3975 P
1244 3913 1270 3996 ΙΙ
1318 3917 1396 3976 15
1443 3918 1840 3979 adstruxserit
1883 3922 1932 3978 P
1978 3937 2124 3979 corr.
2158 3921 2192 3979 1
2232 3939 2314 3979 m.
2351 3940 2419 3980 ex
2470 3922 2857 3980 adstrucserit
2899 3915 2920 4003 ΙΙ

737 4004 817 4063 16
863 4005 1060 4064 ausim
1107 4047 1120 4063 .
1149 4048 1163 4063 .
1195 4048 1208 4062 .
1241 4048 1253 4062 .
1301 4004 1684 4064 manifestum
1729 4027 1991 4065 errorem
2040 4022 2180 4067 ‘nost
2228 4008 2421 4067 ausim
2466 4009 2629 4066 enim
2672 4008 2919 4066 interim

733 4099 794 4150 et
839 4091 970 4168 ipse
1017 4092 1341 4150 concedere
1388 4099 1450 4150 et
1495 4091 1581 4150 sic
1626 4093 1847 4152 melius
1893 4113 2087 4152 errare
2132 4096 2181 4151 P
2234 4090 2260 4173 ΙΙ
2317 4095 2398 4153 18
2442 4095 2639 4154 nostri
2677 4102 2749 4153 vnt
2792 4097 2840 4153 P
2899 4087 2919 4175 Η

734 4177 818 4237 20
873 4184 1080 4254 specta
1133 4177 1488 4236 memoriam
1546 4174 1954 4255 Wopkensius:
2015 4187 2220 4256 specta
2271 4181 2346 4239 de
2399 4181 2573 4240 libris
2627 4180 2919 4240 memoria

731 4266 779 4321 P
828 4260 853 4343 ΙΙ
904 4263 984 4323 23
1032 4271 1136 4322 aut
1181 4265 1302 4322 iam
1349 4261 1502 4342 (add.
1551 4273 1619 4324 ut
1662 4285 1709 4325 s.
1747 4263 1807 4344 l.)
1853 4268 1902 4323 P
1935 4263 1959 4346 Η
