3309 5192
1750 293 1765 330 1

1344 563 1760 637 ...63-

463 773 793 846 nutrire‘?
865 773 1157 846 caelum
1212 797 1514 867 quoque
1570 799 1742 845 cum
1780 775 2125 847 omnibus
2182 799 2375 868 quae
2432 777 2642 849 caelo

466 894 947 967 continentur
1015 895 1095 967 in
1158 894 1318 966 uim
1386 894 1584 989 ignis
1646 895 2055 986 abiturum,
2133 895 2400 969 Stoicis
2467 921 2645 969 con-

467 1023 664 1086 stans
728 1014 984 1108 opinio
1049 1024 1180 1105 est,
1257 1016 1457 1108 quod
1531 1025 1919 1088 consumto
1992 1039 2254 1089 umore
2320 1019 2644 1090 mundus

465 1135 590 1206 hic
647 1136 886 1207 omnis
937 1135 1293 1230 ignescat.
1387 1144 1463 1208 et
1500 1135 1894 1229 Epicureis
1951 1137 2043 1208 de
2100 1136 2643 1210 elementorum
2680 1158 2715 1212 3

414 1289 438 1329 5
469 1255 1050 1350 conflagratione
1115 1263 1190 1328 et
1259 1256 1522 1328 mundi
1574 1256 1795 1327 ruina
1858 1258 2121 1329 eadem
2175 1257 2426 1351 placet
2480 1282 2646 1330 sen-

467 1376 723 1450 tentia.
819 1375 1259 1469 eloquenter
1310 1375 1530 1448 Plato
1597 1385 1847 1471 partes
1913 1377 2111 1450 orbis
2164 1402 2369 1450 nunc
2420 1378 2645 1451 inun-
2680 1399 2714 1452 4

471 1497 644 1568 dare
700 1497 1014 1587 disserit,
1088 1520 1292 1569 nunc
1362 1497 1671 1570 alternis
1734 1497 2029 1572 uicibus
2082 1501 2506 1589 ardescere;
2573 1508 2648 1572 et

471 1641 640 1689 cum
691 1617 940 1711 ipsum
977 1618 1341 1689 mundum
1377 1625 1832 1710 perpetuum
1888 1627 1963 1692 et
2007 1618 2491 1692 insolubilem
2540 1620 2646 1692 di-

472 1745 675 1810 ceret
729 1761 887 1810 esse
951 1734 1421 1828 fabricatum,
1488 1737 1777 1810 addidit
1829 1747 2103 1831 tamen,
2170 1740 2318 1834 ipsi
2380 1740 2648 1813 artifici

395 1891 445 1932 10
473 1859 613 1931 deo
668 1858 810 1930 soli
877 1867 950 1931 et
1003 1858 1406 1932 solubilem
1459 1883 1616 1931 esse
1692 1867 1767 1931 et
1821 1883 1978 1932 esse
2034 1859 2449 1933 mortalem.
2541 1860 2648 1934 ita
2681 1880 2718 1934 5

470 1978 666 2050 nihil
718 1978 990 2051 mirum
1029 1988 1160 2070 est,
1217 1979 1282 2052 si
1315 1980 1458 2053 ista
1492 1980 1729 2053 moles
1780 1982 1873 2051 ab
1912 2004 2023 2071 e0,
2082 2004 2233 2074 quo
2272 1989 2648 2054 exstructa

473 2109 602 2189 est,
672 2101 1114 2172 destruatur.
1219 2099 1753 2174 animaduertis
1817 2101 2311 2196 philosophos
2384 2103 2648 2173 eadem

472 2221 852 2314 disputare
909 2245 1100 2313 quae
1158 2220 1471 2292 dicimus
1523 2245 1683 2312 noe,
1750 2245 1905 2293 non
1974 2224 2174 2315 quod
2226 2245 2363 2295 nos
2416 2222 2647 2294 simus

474 2365 732 2414 eorum
794 2341 1110 2436 uestigia
1169 2341 1569 2431 subsecuti,
1649 2344 1779 2414 sed
1844 2344 2048 2436 quod
2120 2341 2239 2414 illi
2304 2343 2645 2414 umbram

391 2496 441 2536 15
469 2462 801 2534 sincerae
855 2461 1191 2534 ueritatis
1245 2461 1517 2533 imitati
1571 2462 1741 2536 sint.
1832 2463 1939 2535 sic
1995 2463 2221 2536 etiam
2269 2462 2648 2534 condicio—
2686 2483 2721 2536 6

470 2606 676 2654 nem·
710 2582 1152 2655 renascendi
1213 2582 1667 2676 sapientium
1731 2583 2101 2674 clarioreS,
2184 2583 2646 2680 Pythagoras

470 2702 755 2796 primus
823 2710 897 2776 et
961 2703 1412 2796 praecipuus
1466 2703 1709 2794 Plato,
1784 2728 1937 2777 non
2001 2704 2206 2776 omni
2268 2728 2364 2776 ex
2433 2712 2647 2797 parte

470 2823 924 2917 incorrupta,
1013 2824 1142 2895 sed
1218 2823 1606 2895 dimidiata
1675 2825 1824 2896 fide
1892 2825 2388 2906 tradiderunt3
2472 2848 2649 2896 nam

473 2943 909 3036 corporibus
974 2943 1350 3017 dissolutis
1415 2943 1608 3015 solas
1676 2945 1961 3017 animas
2026 2944 2297 3018 uolunt
2350 2955 2425 3018 et
2479 2969 2653 3039 per-

391 3093 443 3136 20
471 3075 701 3156 petuo
739 3088 1040 3136 manere
1097 3073 1172 3136 et
1224 3065 1304 3137 in
1341 3062 1490 3134 alia
1526 3088 1726 3136 noua
1765 3088 2078 3157 corpora
2114 3064 2411 3158 saepius
2449 3087 2653 3136 com-

473 3207 746 3256 meare.
863 3185 1148 3258 addunt
1227 3184 1386 3257 istis
1461 3193 1537 3256 et
1609 3182 1805 3256 illud
1879 3186 1975 3255 ad
2056 3185 2650 3276 detorquendam
2686 3205 2720 3257 7

471 3305 888 3394 ueritatem,
962 3304 1044 3375 in
1096 3306 1424 3398 pecudes
1486 3329 1665 3377 aues
1717 3306 1980 3377 beluas
2043 3305 2436 3377 hominum
2490 3305 2652 3375 ani-

473 3449 630 3496 mas
684 3425 952 3497 redire.
1042 3449 1196 3497 non
1232 3423 1671 3520 philosophi
1708 3449 1887 3497 sane
1925 3425 2195 3516 studio,
2255 3427 2386 3498 sed
2440 3425 2653 3496 mimi

630 3683 668 3740 5
713 3684 916 3759 placet
957 3697 1094 3742 nos:
1143 3685 1277 3760 ipsa
1305 3686 1353 3741 P
1398 3679 1424 3762 ΙΙ
1465 3684 1503 3742 6
1551 3685 1904 3758 eloquenter
1946 3698 2086 3742 nos:
2134 3691 2227 3742 est
2254 3683 2528 3758 loquitur
2557 3686 2605 3741 P
2634 3677 2656 3764 Η

482 3771 514 3824 7
551 3770 796 3829 disserit
823 3786 961 3828 nos:
997 3769 1147 3828 dicit
1175 3773 1224 3828 P
1255 3767 1281 3847 ΙΙ
1325 3769 1363 3827 9
1397 3771 1630 3829 addidit
1657 3769 1973 3829 Halmius:
2007 3769 2175 3828 addit
2203 3772 2251 3827 P
2294 3764 2320 3848 ΙΙ
2368 3769 2451 3829 10
2470 3769 2655 3845 prius

480 3875 609 3914 esse
638 3873 753 3915 nos
779 3854 1150 3914 inseruimus
1188 3855 1212 3934 Η
1263 3856 1342 3915 13
1376 3856 1632 3916 dicimus
1660 3877 1773 3916 nos
1800 3874 1937 3916 nos:
1975 3857 2230 3915 dicimus
2259 3859 2308 3914 P
2339 3853 2365 3934 ΙΙ
2401 3857 2482 3914 14
2520 3877 2654 3914 um-

477 3944 644 4000 bram
690 3942 952 4002 sincerae
997 3944 1271 4002 ueritatis
1322 3959 1460 4002 nos:
1521 3945 1594 4001 de
1648 3943 1875 4002 diuinis
1919 3943 2469 4018 praedicationibus
2513 3963 2656 4018 pro-

477 4030 733 4086 fetarum
797 4030 1071 4088 umbram
1107 4030 1506 4106 interpolatae
1557 4029 1833 4088 ueritatis
1890 4032 1939 4088 P
1978 4025 2004 4108 ΙΙ
2056 4030 2131 4087 17
2186 4049 2310 4087 non
2364 4030 2528 4087 omni
2582 4049 2655 4086 ex

478 4122 646 4190 parte
690 4117 1056 4193 incorrupta,
1113 4118 1220 4174 sed
1261 4130 1398 4175 ‘nost
1449 4124 1728 4192 corrupta
1772 4125 1833 4174 et
1875 4118 1924 4174 P
1964 4111 1990 4195 Η
2032 4116 2111 4173 21
2159 4116 2315 4174 illud
2358 4132 2497 4175 nos:
2544 4115 2654 4173 illa

478 4203 526 4258 P
559 4197 583 4280 ΙΙ
616 4202 1086 4276 detorquendam
1131 4200 1500 4261 Balduinus:
1548 4203 2012 4276 retorquendam
2056 4204 2105 4260 P
2146 4201 2170 4276 ΙΙ
2213 4203 2292 4260 22
2341 4203 2479 4262 abes
2521 4203 2655 4260 uel-

478 4307 586 4347 uas
629 4290 678 4346 P
722 4305 804 4346 m.
838 4289 887 4346 1.
938 4285 963 4368 ΙΙ
1012 4289 1092 4348 23
1138 4289 1310 4348 mimi
1355 4286 1628 4346 conuicio
1673 4287 1953 4348 Ursinus:
2002 4287 2245 4348 mimico
2274 4289 2429 4348 uitio
2474 4292 2523 4347 P
2556 4286 2579 4368 ΙΙ
