3309 5192
1529 565 1945 638 ...64-

577 797 612 851 8
653 777 996 850 conuicio
1053 777 1277 872 digna
1337 777 1479 850 ista
1533 773 1929 847 sententia!
2016 776 2147 845 sed
2212 775 2306 844 ad
2358 773 2829 868 propositum

650 899 824 971 saltis
880 907 1010 988 est,
1069 897 1295 970 etiam
1332 899 1414 968 in
1450 896 1596 968 hoc
1633 896 2006 990 sapientes
2042 902 2329 967 uestros
2376 894 2457 965 in
2494 893 2829 987 aliquem

579 1039 614 1092 9
653 1020 959 1092 modum
1022 1018 1414 1090 nobiscum
1479 1040 1911 1089 consonare.
2014 1024 2346 1089 ceterum
2432 1015 2598 1106 quis
2674 1023 2828 1086 tam

651 1139 921 1212 stultus
975 1147 1104 1211 aut
1136 1140 1402 1211 brutus
1457 1146 1588 1228 est,
1645 1145 1731 1210 ut
1774 1138 2047 1209 audeat
2088 1159 2533 1232 repugnare,
2588 1135 2830 1207 homi-

650 1283 825 1331 nem
889 1283 933 1329 a
1004 1263 1169 1350 deo,
1233 1269 1320 1332 ut
1382 1259 1710 1352 primum
1772 1258 2103 1351 potuisse
2166 1257 2375 1352 fingi,
2439 1255 2546 1327 ita
2610 1278 2829 1349 posse
2856 1284 2883 1323 ε»

652 1381 900 1451 denuo
963 1377 1402 1453 reformari?
1488 1402 1666 1450 nam
1732 1377 1871 1449 etsi
1924 1386 2177 1471 posset
2240 1376 2566 1471 probari,
2634 1375 2833 1446 nihil

653 1525 811 1572 esse
848 1509 1019 1593 post
1055 1500 1363 1590 obitum,
1424 1507 1499 1571 et
1534 1506 1709 1570 ante
1748 1497 2223 1570 ortum'nihil
2269 1495 2520 1588 fuisse,
2578 1503 2832 1568 tamen

652 1621 846 1694 sicut
911 1622 1002 1692 de
1069 1619 1311 1693 nihilo
1381 1620 1589 1692 nasci
1646 1619 1887 1709 licuit,
1956 1619 2064 1690 ita
2126 1620 2218 1691 de
2272 1617 2515 1691 nihilo
2566 1617 2835 1690 liceret

653 1742 1014 1835 reparari;
1072 1765 1296 1834 porro
1344 1738 1727 1812 difficilius
1782 1739 1896 1830 sit,
1953 1740 2033 1811 id
2090 1741 2291 1832 quod
2344 1762 2498 1810 non
2554 1747 2665 1811 est
2716 1739 2836 1810 in-

551 1882 622 1937 10
657 1862 910 1955 cipere
982 1885 1206 1954 quam
1273 1862 1352 1933 id
1407 1863 1610 1954 quod
1673 1858 1819 1933 fuit
1887 1861 2179 1934 iterare.
2286 1869 2370 1934 tu
2435 1859 2682 1953 perire
2758 1867 2832 1930 et
2860 1886 2907 1927 ιο

659 1983 800 2053 deo
868 1983 1126 2074 crediS,
1198 1983 1259 2056 si
1314 1962 1498 2076 quid
1567 1980 1805 2054 oculis
1875 1982 2146 2053 nostris
2206 1981 2606 2053 hebetibus
2662 1980 2836 2052 sub-

656 2102 1022 2175 trahitur?
1103 2128 1372 2198 corpus
1442 2127 1663 2175 omne
1724 2103 1887 2174 siue
1937 2101 2226 2175 arescit
2286 2102 2368 2172 in
2439 2100 2837 2196 puluerem

658 2223 818 2295 siue
881 2223 963 2294 in
1027 2247 1364 2297 umorem
1427 2223 1747 2297 soluitur
1799 2223 1928 2294 uel
1979 2223 2061 2294 in
2128 2223 2458 2296 cinerem
2511 2222 2873 2315 comprif

658 2343 886 2416 mitur
938 2343 1064 2415 uel
1115 2344 1198 2415 in
1250 2345 1595 2417 nidorem
1646 2352 2017 2434 tenuatur,
2090 2343 2531 2416 subducitur
2592 2343 2833 2433 nobiS,

659 2465 790 2536 sed
845 2465 984 2536 deo
1040 2464 1583 2538 elementorum
1637 2465 1929 2537 custodi
1982 2473 2427 2538 reseruatur.
2532 2488 2694 2555 nec,
2752 2473 2839 2536 ut
2862 2489 2915 2530 15

661 2585 983 2675 creditis,
1050 2584 1291 2657 ullum
1360 2587 1717 2657 damnum
1779 2584 2210 2679 sepulturae
2266 2585 2634 2674 timemUS,
2706 2587 2837 2657 sed

660 2713 997 2777 ueterem
1053 2713 1128 2776 et
1181 2705 1570 2778 meliorem
1607 2705 2226 2779 consuetudinem
2268 2705 2644 2777 ‘humandi
2695 2702 2840 2777 fre-

559 2848 624 2901 11
666 2834 1133 2919 quentamus.
1236 2826 1412 2898 uide
1477 2827 1686 2916 adeo,
1763 2850 1992 2920 quam
2058 2826 2139 2897 in
2194 2825 2556 2898 solacium
2605 2827 2843 2898 nostri

663 2947 1287 3019 resurrectionem
1351 2945 1680 3019 futuram
1758 2947 1999 3019 omnis
2070 2955 2343 3018 natura
2412 2947 2836 3019 meditetur.

667 3064 781 3156 sol
833 3091 911 3139 se
965 3067 1236 3163 mergit
1290 3063 1364 3139 et
1414 3067 1765 3158 nascitur,
1840 3077 2037 3141 astra
2096 3068 2452 3141 labuntur
2508 3077 2582 3141 et
2633 3070 2843 3141 rede·
2870 3091 2923 3134 20

669 3197 826 3277 unt,
893 3189 1113 3260 flores
1181 3187 1532 3260 occidunt
1603 3196 1678 3261 et
1745 3189 2247 3279 reuiuescunt,
2322 3198 2493 3283 post
2554 3190 2846 3261 senium

669 3311 968 3382 arbusta
1019 3306 1527 3398 frondescunt,
1586 3309 1873 3381 semina
1906 3311 2210 3383 nonnisi
2246 3318 2597 3404 corrupta
2648 3311 2849 3382 reui-

671 3437 993 3501 rescunt.
1107 3430 1216 3501 ita
1288 3453 1558 3523 corpus
1637 3429 1719 3501 in
1790 3430 2157 3523 sepulcro,
2240 3440 2327 3503 ut
2403 3433 2703 3505 arbores
2765 3431 2846 3503 in

565 3571 634 3624 12
671 3550 1020 3622 hiberno:
1081 3547 1460 3622 occultant
1493 3550 1816 3622 virorem
1858 3551 2202 3624 ariditate
2238 3551 2573 3624 mentita.
2666 3552 2849 3645 quid

673 3667 1002 3759 festinas,
1043 3679 1127 3743 ut
1163 3670 1390 3740 cruda
1427 3669 1672 3741 adhuc
1699 3670 1949 3744 hieme
1977 3672 2399 3745 reuiuescat
2436 3681 2510 3745 et
2544 3674 2847 3745 redeat‘?
2876 3693 2929 3736 2⁵

830 3862 863 3918 1
913 3859 1210 3918 sententia
1251 3873 1391 3918 nos:
1441 3861 1743 3919 sententia
1788 3869 1880 3920 est
1922 3864 1970 3919 P
2012 3858 2037 3939 ΙΙ
2080 3862 2118 3920 6
2162 3883 2298 3920 nam
2332 3865 2447 3922 etsi
2476 3871 2684 3939 posset
2711 3882 2851 3940 pro-

673 3946 805 4005 bari
847 3963 958 4004 nos
985 3945 1358 4004 inseruimus
1397 3942 1421 4025 ΙΙ
1465 3947 1499 4004 ’7
1535 3954 1735 4006 tamen
1762 3965 1875 4007 nos
1902 3947 2273 4007 inseruimus
2315 3945 2341 4028 Η
2388 3950 2428 4008 8
2471 3951 2685 4008 liceret
2710 3965 2850 4009 nos:

674 4033 855 4092 licere
887 4035 936 4091 P
975 4029 1002 4110 ΙΙ
1048 4033 1086 4091 9
1133 4033 1214 4092 sit
1244 4077 1256 4092 .
1288 4077 1302 4091 .
1337 4040 1430 4091 est
1456 4049 1596 4091 nos:
1632 4042 1724 4093 est
1756 4079 1769 4093 .
1798 4079 1813 4092 .
1850 4035 1931 4094 sit
1965 4038 2014 4094 P
2046 4031 2071 4115 Η
2121 4035 2203 4095 10
2246 4035 2431 4095 fuerit
2474 4039 2523 4094 P
2554 4030 2579 4114 ΙΙ
2616 4035 2693 4094 13
2740 4037 2855 4094 hu-

677 4139 905 4178 morem
934 4123 983 4178 P
1021 4137 1169 4178 corr.
1213 4117 1238 4198 Η
1289 4120 1370 4177 14
1413 4120 1624 4177 nidore
1654 4123 1704 4179 P
1746 4117 1770 4200 Η
1816 4121 1894 4180 15
1942 4123 2181 4180 custodi
2224 4120 2547 4182 Wowerus:
2583 4122 2856 4181 custodia

677 4207 725 4262 P
771 4200 795 4284 ΙΙ
839 4205 922 4265 20
968 4226 1031 4264 se
1071 4207 1290 4283 mergit
1317 4204 1742 4267 Heumawrms:
1790 4207 2085 4284 demergit
2128 4211 2176 4266 P
2208 4205 2233 4286 ΙΙ
2277 4210 2495 4268 redunt
2532 4212 2581 4268 P
2624 4227 2706 4267 m.
2740 4210 2789 4268 1.
2838 4201 2857 4290 ΙΙ

681 4290 761 4350 23
809 4293 1085 4368 sepulcro
1115 4290 1543 4352 Heumannus:
1593 4297 1829 4355 saeculo
1875 4299 1923 4354 P
1956 4291 1980 4375 ΙΙ
