3309 5192
1540 557 1953 632 ..36-

661 772 934 867 quibus
1000 770 1240 867 gloria
1311 778 1440 860 est,
1509 770 1734 840 deum
1798 792 2036 839 unum
2099 768 2352 841 multis
2412 769 2594 842 licet
2647 771 2835 842 desi-

661 901 924 989 gnasse
976 891 1426 980 nominibus,
1494 898 1580 962 ut
1642 887 1891 982 quiuis
1955 888 2371 979 arbitretur,
2441 899 2571 963 aut
2631 915 2837 962 nunc

663 1012 1126 1084 Christianos
1180 1010 1674 1106 philosophos
1722 1033 1879 1082 esse
1917 1017 2046 1080 aut
2080 1009 2570 1105 philosophos
2607 1009 2837 1083 fuisse

590 1161 623 1214 2
662 1135 814 1205 iam
857 1143 1039 1205 tunc
1078 1132 1558 1205 Christianos.
1655 1132 1857 1224 quod
1894 1131 1959 1202 si
2004 1131 2482 1225 prouidentia
2518 1134 2839 1204 mundus

658 1254 942 1350 regitur
981 1262 1056 1325 et
1088 1255 1313 1325 unius
1351 1253 1473 1324 dei
1507 1262 1699 1325 nutu
1726 1255 2204 1348 gubernatur,
2261 1276 2415 1324 non
2442 1277 2579 1325 nos
2617 1254 2841 1326 debet
2891 1283 2918 1325 ⁶

661 1374 1066 1468 antiquitas
1129 1374 1626 1469 inperitorum
1700 1370 1997 1445 fabellis
2060 1371 2209 1444 suis
2278 1372 2645 1446 delectata
2711 1373 2842 1446 uel

664 1502 886 1589 capta
939 1495 1033 1565 ad
1097 1517 1432 1565 errorum
1492 1518 1758 1588 rapere
1823 1518 2287 1584 consensum,
2364 1519 2536 1565 cum
2589 1494 2843 1588 philo-

661 1614 1071 1709 sophorum
1137 1637 1441 1685 suorum
1503 1614 1891 1686 sententiis
1954 1612 2364 1705 refellatur,
2440 1616 2711 1707 quibus
2768 1623 2843 1687 et

589 1764 624 1817 3
659 1735 966 1808 rationis
1023 1743 1099 1806 et
1150 1735 1541 1806 uetustatis
1597 1735 1885 1807 adsistit
1928 1734 2351 1807 auctoritas
2434 1736 2842 1808 maioribus
2889 1731 2893 1736 ’

663 1854 863 1928 enim
917 1855 1187 1927 nostris
1232 1863 1386 1927 tam
1434 1852 1679 1927 facilis
1727 1855 1810 1926 in
1859 1855 2267 1926 mendaciis
2314 1855 2498 1926 fides
2535 1853 2699 1945 fuit,
2758 1864 2844 1928 ut
2870 1885 2921 1927 ιο

661 1986 942 2049 temere
999 1975 1448 2047 crediderint
1503 1984 1578 2048 et
1623 1973 2061 2046 animalium
2106 1986 2574 2048 monstruosa
2619 1977 2844 2048 mira-

664 2095 864 2168 cula:
907 2095 1231 2192 Scyllam
1253 2095 1773 2190 multiplicem,
1812 2095 2285 2167 Chimaeram
2304 2093 2843 2169 multiformem

667 2227 743 2289 et
793 2216 1134 2312 Hydram
1197 2215 1614 2311 pellacibus
1680 2215 2121 2288 uulneribus
2187 2225 2703 2289 renascentem
2771 2227 2847 2289 et

669 2337 1082 2408 Centauros
1137 2361 1370 2431 equos
1415 2337 1566 2409 suis
1611 2337 2043 2408 hominibus
2088 2336 2466 2430 inplex0s3
2527 2345 2602 2409 et
2638 2337 2845 2429 quic-

666 2459 848 2552 quid
901 2455 1146 2530 famae
1197 2458 1379 2530 licet
1426 2459 1730 2552 fingere,
1788 2456 1940 2527 illis
1989 2465 2147 2529 erat
2190 2457 2512 2530 libenter
2556 2459 2841 2529 audire.
2872 2489 2923 2530 15

597 2607 630 2660 4
670 2579 851 2671 quid
904 2577 1075 2650 illas
1128 2575 1362 2650 aniles
1416 2575 1709 2649 fabulas
1766 2578 2029 2668 dicam,
2090 2601 2247 2649 esse
2299 2574 2532 2649 factas
2579 2578 2671 2649 de
2706 2578 2847 2649 ho-

668 2685 994 2769 minibus
1075 2722 1252 2769 aues
1334 2706 1408 2770 et
1486 2695 1683 2770 feras
1766 2721 2023 2769 omnes
2096 2707 2171 2771 et
2238 2700 2329 2769 de
2414 2699 2843 2771 hominibus

669 2821 968 2890 arbores
1007 2826 1233 2910 atque
1268 2818 1538 2890 flores?
1627 2842 1820 2912 quae
1859 2817 1921 2890 si
1970 2826 2217 2890 essent
2264 2815 2484 2909 facta,
2542 2820 2840 2908 fierent3

597 2970 632 3022 5
669 2938 848 3032 quia
900 2939 1063 3010 fieri
1115 2962 1269 3009 non
1322 2947 1654 3032 possunt,
1711 2939 1884 3011 ideo
1934 2961 2076 3010 nec
2120 2936 2319 3010 facta
2354 2948 2547 3011 sunt.
2642 2939 2847 3010 simi-

669 3059 844 3131 liter
905 3059 1080 3131 ficta
1148 3083 1330 3131 uero
1402 3082 1577 3154 erga
1640 3061 1817 3131 deos
1886 3083 2185 3152 quoque
2242 3059 2559 3131 maiores
2612 3059 2849 3132 nostri
2877 3091 2931 3134 20

669 3180 1070 3273 inprouide
1118 3181 1405 3252 creduli
1440 3180 1570 3253 uel
1602 3181 1775 3252 rudi
1822 3179 2299 3273 simplicitate
2338 3180 2845 3252 crediderunt:

673 3302 854 3374 dum
898 3325 1111 3396 reges
1149 3325 1320 3373 suos
1359 3299 1619 3374 colunt
1651 3301 2021 3396 religiose,
2082 3300 2262 3371 dum
2297 3297 2689 3372 defunctos
2730 3323 2854 3371 eos

673 3421 1100 3494 desiderant
1151 3421 1232 3492 in
1287 3421 1741 3517 imaginibus
1796 3421 2077 3510 uidere,
2138 3420 2316 3491 dum
2368 3419 2699 3514 gestiunt
2736 3443 2856 3491 eo-

671 3566 840 3613 rum
887 3542 1324 3614 memoriam
1361 3542 1441 3612 in
1481 3542 1741 3614 statuis
1787 3541 2145 3630 detinere,
2206 3564 2413 3612 sacra
2448 3537 2648 3612 facta
2686 3549 2859 3611 sunt

671 3765 1044 3842 lusti-iorum,
1105 3766 1325 3839 quibus
1369 3780 1508 3822 nos:
1569 3764 1790 3840 quibus
1836 3764 2151 3823 inlustrior
2194 3766 2242 3822 P
2292 3760 2317 3843 ΙΙ
2370 3765 2404 3822 ’7
2454 3783 2720 3822 errorum
2764 3782 2860 3820 ra-

673 3871 815 3928 pere
848 3870 1203 3909 consensum
1233 3866 1372 3908 nos:
1409 3871 1671 3910 errorem
1702 3851 1902 3910 mutui
1930 3871 2138 3926 rapere
2170 3870 2494 3909 consensus
2523 3852 2572 3908 P
2614 3846 2641 3927 ΙΙ
2687 3850 2764 3907 11
2799 3857 2859 3907 et

674 3937 1026 3995 animalium
1053 3952 1191 3995 ‘no-s:
1242 3937 1424 3995 etiam
1453 3937 1573 3995 alia
1601 3939 1650 3995 P
1684 3933 1709 4014 ΙΙ
1740 3937 1893 3994 mira
1922 3937 2210 3996 miracula
2238 3939 2286 3995 P
2327 3933 2353 4016 Η
2399 3935 2477 3995 13
2522 3935 2857 4012 pellacibus

674 4039 810 4082 nos:
833 4024 1114 4082 felicibus
1133 4025 1181 4081 P
1211 4019 1238 4101 ΙΙ
1273 4023 1353 4082 16
1374 4025 1586 4102 dicam,
1604 4043 1734 4082 esse
1759 4025 1941 4083 factas
1958 4041 2071 4081 nos
2086 4021 2456 4082 inseruimus
2486 4018 2511 4102 Η
2548 4023 2625 4080 17
2653 4041 2858 4080 omnes

679 4108 1028 4184 Schefferus:
1062 4110 1338 4169 homines
1361 4112 1410 4168 P
1442 4107 1468 4190 Η
1503 4111 1581 4169 19
1614 4131 1739 4168 non
1759 4112 1827 4188 P,
1860 4108 1961 4168 sed
1981 4128 2027 4167 8.
2058 4109 2094 4168 l.
2138 4105 2163 4188 ΙΙ
2210 4109 2292 4168 20
2322 4111 2460 4168 ficta
2488 4123 2625 4167 nos:
2668 4127 2734 4166 ac
2763 4109 2811 4166 P
2840 4099 2862 4188 ΙΙ

679 4197 756 4254 21
791 4196 1107 4271 inprovide
1129 4196 1556 4255 Hemnaomus:
1581 4197 1889 4273 inprovidi
1917 4196 1966 4253 P
1998 4191 2023 4274 Η
2057 4196 2287 4254 creduli
2308 4196 2413 4254 uel
2431 4211 2571 4254 nos:
2598 4194 2860 4253 credulis

676 4282 725 4339 P
756 4299 902 4340 corr.
935 4281 1005 4340 im,
1036 4283 1265 4342 creduli
1296 4279 1320 4362 ΙΙ
1355 4283 1438 4341 24
1468 4284 1819 4342 memoriam
1848 4281 2279 4342 Heumoermus:
2314 4281 2631 4340 memorias
2662 4282 2710 4338 P
2742 4276 2768 4359 Η
