3309 5192
455 778 712 850 sertim
757 777 1124 853 haberent
1165 779 1246 850 in
1284 801 1416 849 sua
1459 781 1856 872 potestate!
1926 779 2129 851 uiros
2168 804 2337 851 cum
2372 779 2633 854 Mucio
2670 802 2706 856 5

455 898 584 971 uel
646 923 818 970 cum
877 897 1192 990 Aquilio
1256 907 1386 970 aut
1437 898 1734 994 Regulo
1804 904 2205 992 comparo?
2275 902 2493 994 pueri
2559 911 2635 974 et

439 1018 942 1101 ‚mulierculae
1017 1027 1314 1092 nostrae
1379 1044 1634 1102 cruces
1691 1028 1767 1092 et
1832 1029 2225 1109 tormenta,
2301 1018 2495 1094 feras
2560 1032 2635 1095 et

453 1163 708 1212 omnes
775 1138 1316 1234 suppliciorum
1379 1140 1768 1214 terriculas
1846 1139 2210 1234 inspirata
2270 1141 2635 1235 patientia

393 1290 419 1328 5
452 1260 728 1333 doloris
781 1259 1152 1333 inludunt.
1247 1284 1388 1332 nec
1441 1260 1901 1357 intellegitis,
1961 1285 2004 1333 o
2060 1262 2331 1352 miseri,
2389 1263 2628 1334 nemi—
2666 1283 2702 1336 6

449 1404 624 1452 nem
680 1405 836 1452 esse
893 1382 1025 1474 qui
1079 1388 1208 1452 aut
1261 1380 1420 1453 sine
1466 1383 1753 1454 ratione
1799 1381 1988 1454 uelit
2022 1407 2346 1482 poenam
2382 1384 2630 1455 subire

448 1509 577 1573 aut
638 1509 1008 1574 tormenta
1071 1502 1230 1573 sine
1287 1503 1426 1572 deo
1484 1502 1717 1595 possit
1770 1503 2161 1576 sustinere:
2234 1503 2381 1575 nisi
2435 1500 2628 1576 forte
2666 1524 2697 1578 7

445 1645 582 1693 uos
638 1622 938 1716 decipit,
999 1623 1200 1714 quod
1255 1622 1479 1692 deum
1533 1623 1950 1696 nescientes
1997 1624 2277 1695 diuitiis
2324 1623 2626 1715 afluant,

445 1741 856 1814 honoribus
882 1742 1220 1832 floreant,
1251 1741 1589 1836 polleant
1616 1744 2130 1837 potestatibus·
2186 1769 2324 1838 pro
2346 1744 2626 1816 miseri!

365 1863 522 1934 1011]
594 1863 740 1934 hoc
812 1864 999 1934 adeo
1064 1862 1284 1934 altius
1356 1861 1747 1953 tolluntur,
1819 1872 1905 1935 ut
1968 1865 2316 1936 decidant
2384 1865 2627 1938 altius.

440 1982 524 2053 hi
579 1983 780 2054 enim
833 1992 917 2056 ut
972 1983 1320 2054 uictimae
1377 1984 1471 2053 ad
1525 1983 1980 2077 supplicium
2028 1986 2482 2080 saginantur,
2539 1994 2623 2057 ut

441 2102 728 2175 hostiae
784 2104 878 2174 ad
941 2127 1264 2197 poenam
1336 2112 1806 2194 coronantur,
1879 2105 2233 2197 quoniam
2286 2107 2621 2198 imperiis

441 2247 527 2295 ac
593 2224 1222 2297 dominationibus
1293 2225 1700 2320 eriguntur,
1772 2232 1857 2296 ut
1915 2225 2304 2320 ingenium
2360 2249 2617 2298 eorum

437 2345 774 2438 perditae
829 2345 1098 2418 mentis
1151 2343 1458 2418 licentia
1513 2353 1587 2416 et
1641 2352 2008 2438 potestate
2052 2344 2290 2417 libere
2343 2348 2618 2418 nundi-

358 2499 409 2540 15
437 2465 666 2536 nandi
721 2474 1086 2537 caecetur.
1179 2466 1458 2557 absque
1501 2465 1702 2537 enim
1738 2465 2006 2537 notitia
2043 2466 2164 2537 dei
2202 2489 2394 2558 quae
2450 2475 2619 2560 pot-
2650 2489 2686 2542 8

438 2593 548 2657 est
613 2608 772 2658 esse
835 2585 1074 2658 solida
1127 2583 1493 2658 felicitas?
1566 2587 1738 2657 cum
1790 2609 1987 2657 mors
2043 2587 2259 2677 subit,
2327 2588 2614 2659 somnio

435 2706 718 2796 similis,
791 2716 1195 2798 antequam
1264 2715 1582 2798 tenetur,
1662 2706 1998 2780 elabitur.
2093 2731 2229 2779 rex
2292 2732 2405 2778 es:
2484 2709 2613 2779 sed
2649 2731 2685 2784 9

437 2833 589 2897 tam
651 2826 868 2898 times
935 2850 1159 2919 quam
1226 2828 1509 2900 timeris
1579 2835 1675 2918 et,
1746 2827 2160 2921 quamlibet
2222 2828 2318 2899 sis
2373 2828 2612 2900 multo

437 2947 794 3020 comitatu
859 2949 1191 3040 stipatuS,
1262 2948 1356 3018 ad
1420 2947 1843 3041 periculum
1913 2956 2165 3021 tamen
2236 2948 2435 3020 solus
2508 2973 2605 3020 es.

355 3100 407 3142 20
436 3067 644 3138 diues
692 3088 806 3139 es:
866 3068 996 3139 sed
1040 3064 1384 3139 fortunae
1437 3067 1632 3138 male
1674 3068 2002 3140 creditur
2039 3077 2112 3140 et
2148 3092 2418 3164 magno
2456 3069 2613 3139 uia-

435 3187 584 3259 tico
638 3189 870 3260 breue
924 3189 1127 3260 uitae
1181 3189 1324 3259 iter
1374 3211 1528 3259 non
1581 3188 1991 3278 instruitur,
2051 3189 2179 3260 sed
2236 3197 2607 3261 oneratur.
2686 3247 2688 3249 .

435 3303 755 3380 fascibus
795 3317 870 3381 et
921 3308 1272 3403 purpuris
1327 3306 1697 3403 gloriaris:
1768 3332 2007 3379 uanus
2046 3331 2252 3379 error
2284 3308 2609 3380 hominis
2652 3333 2719 3388 10

434 3435 507 3498 et
559 3428 804 3500 inanis
859 3427 1102 3500 cultus
1154 3429 1556 3523 dignitatis,
1616 3425 1907 3524 fulgere
1945 3452 2301 3522 purpura,
2358 3437 2609 3501 mente

433 3549 878 3621 sordescere.
968 3549 1359 3622 nobilitate
1420 3572 1821 3645 generosus
1878 3573 1977 3638 eS,
2044 3558 2390 3643 parentes
2444 3558 2609 3622 tuos

353 3702 403 3744 25
430 3667 718 3741 laudas:
773 3693 1064 3759 ,omnes
1144 3678 1396 3742 tamen
1466 3671 1632 3764 pari
1706 3678 1901 3742 sorte
1972 3671 2366 3761 nascimur,
2452 3670 2611 3743 sola

583 3860 617 3917 7
666 3860 862 3936 possit
905 3875 964 3917 r:
1021 3877 1199 3935 posse
1244 3862 1293 3917 P
1334 3855 1359 3938 ΙΙ
1407 3859 1445 3918 9
1491 3879 1600 3936 pro
1646 3857 1879 3918 miseri!
1935 3858 2002 3917 in
2054 3861 2169 3918 hoc
2223 3860 2371 3917 adeo
2426 3860 2608 3918 altius

426 3962 564 4004 ‘no-3:
624 3946 832 4006 miseri
875 3947 942 4004 in
984 3947 1100 4004 hoc
1145 3945 1328 4004 altius
1372 3948 1441 4023 P,
1501 3945 1573 4021 cf.
1607 3965 1670 4004 u.
1709 3947 1787 4004 12
1832 3941 1857 4025 Η
1904 3946 1984 4003 12
2032 3945 2315 4020 quoniam
2358 3963 2493 4004 nos:
2542 3947 2607 4004 in

429 4032 543 4090 hoc
590 4033 740 4091 adeo
788 4033 1034 4107 quidam
1079 4033 1146 4109 P,
1195 4030 1268 4106 cf.
1303 4049 1362 4090 u.
1402 4031 1483 4091 10
1531 4029 1555 4111 ΙΙ
1598 4034 1680 4091 14
1725 4032 1972 4091 licentia
2017 4040 2078 4091 et
2121 4039 2419 4108 potestate
2462 4048 2603 4091 nos:

425 4117 703 4177 licentiae
749 4119 1065 4195 potestatis
1109 4120 1158 4176 P
1201 4114 1226 4198 Η
1265 4118 1639 4177 nundinandi
1687 4127 1957 4178 caecetur
1999 4136 2143 4177 nos:
2198 4119 2606 4177 nundinentur

425 4205 473 4260 P
521 4201 544 4283 ΙΙ
593 4205 671 4263 16
720 4206 885 4266 subit
928 4204 1360 4264 Baehrensiusz
1409 4205 1490 4264 sit
1533 4208 1582 4264 P
1623 4201 1648 4285 Η
1693 4205 1775 4265 20
1820 4225 1885 4264 es
1931 4206 2038 4264 sed
2074 4204 2400 4281 Riqaltius:
2449 4213 2607 4265 esset

425 4291 473 4346 P
520 4309 601 4350 m.
633 4292 686 4372 1,
733 4312 796 4351 es
844 4295 906 4350 et
948 4311 1029 4351 m.
1066 4293 1124 4349 2.
1172 4287 1196 4369 ΙΙ
1240 4293 1322 4349 24
1365 4291 1717 4351 nobilitates
1761 4294 1809 4349 P
1854 4293 1904 4350 1.
1937 4309 2040 4368 m.,
2087 4291 2189 4350 sed
2231 4311 2259 4350 s
2304 4309 2475 4350 erasa
2506 4288 2531 4371 ΙΙ
