3309 5192
1337 561 1749 634 ,61-

459 774 600 844 bus
653 772 1106 844 abscondas?
1174 771 1398 842 deum
1436 769 1673 842 oculis
1712 769 2133 842 carnalibus
2187 770 2301 840 uis
2346 769 2629 858 uidere,

463 917 634 964 cum
685 893 929 986 ipsam
965 891 1291 963 animam
1327 899 1554 979 tuam,
1616 914 1764 982 qua
1798 890 2206 962 uiuificaris
2262 898 2336 962 et
2369 889 2634 981 loque-

460 1013 583 1102 riS,
641 1037 782 1086 nec
819 1011 1152 1105 aspicere
1189 1011 1425 1104 possis
1463 1035 1604 1083 nec
1640 998 1943 1083 tenere?
2032 1013 2162 1083 sed
2199 1012 2402 1082 enim
2453 1012 2635 1082 deus
2672 1029 2702 1080 7

463 1141 710 1205 actum
766 1133 1092 1204 hominis
1127 1132 1423 1228 ignorat
1477 1140 1552 1204 et
1601 1132 1685 1202 in
1736 1131 1945 1204 caelo
1984 1132 2428 1204 constitutus
2484 1155 2636 1202 non

410 1286 436 1324 ε»
463 1261 712 1347 potest
765 1262 895 1325 aut
948 1277 1204 1325 omnes
1260 1253 1466 1325 obire
1523 1262 1652 1323 aut
1706 1251 2037 1349 singulos
2076 1276 2319 1325 nosse.
2412 1275 2633 1341 erras,

465 1399 509 1446 o
564 1375 814 1464 hom0‚
883 1383 956 1447 et
1019 1372 1324 1445 falleris.
1433 1374 1633 1444 unde
1701 1373 1906 1445 enim
1968 1375 2151 1446 deus
2212 1373 2437 1468 longe
2503 1380 2633 1461 est,

468 1521 639 1567 cum
720 1496 972 1567 omnia
1052 1493 1404 1566 caelestia
1467 1503 1915 1587 terrenaque
1998 1501 2073 1565 et
2153 1518 2345 1587 quae
2428 1502 2640 1566 extra

465 1617 684 1688 istam
740 1616 940 1688 orbis
991 1615 1462 1710 prouinciam
1517 1622 1691 1686 sunt
1741 1615 2145 1710 incognita,
2220 1617 2359 1686 deo
2414 1614 2643 1707 plena

469 1737 660 1809 sint‘?
731 1734 1013 1828 ubique
1068 1760 1224 1808 non
1268 1743 1558 1808 tantum
1611 1736 1828 1807 nobis
1882 1735 2289 1828 proximuS,
2348 1736 2478 1806 sed
2532 1735 2643 1806 in-

390 1888 440 1928 10
466 1854 676 1929 fusus
715 1864 844 1928 est.
936 1857 1018 1927 in
1071 1855 1307 1928 solem
1343 1857 1530 1928 adeo
1569 1880 1818 1928 rursus
1855 1855 2195 1928 intende:
2258 1854 2468 1927 caelo
2520 1856 2643 1925 ad·
2678 1870 2713 1924 8

467 1977 683 2067 fixus„
743 1979 872 2048 sed
924 1977 1140 2049 terris
1178 1977 1522 2048 omnibus
1579 1999 1873 2068 sparsus
1912 1984 2022 2046 est
2073 1974 2373 2068 pariter,
2431 1999 2643 2068 prae-

471 2123 636 2170 sens
674 2099 954 2190 ubique
989 2097 1303 2169 interest
1353 2104 1428 2168 et
1464 2096 1815 2168 miscetur
1852 2095 2218 2184 omnibuS‚
2277 2119 2647 2189 nusquam

474 2220 630 2290 eius
685 2217 1049 2290 claritudo
1104 2218 1452 2290 uiolatur.
1545 2224 1825 2309 quanto
1881 2216 2115 2312 magis
2156 2217 2334 2287 deus
2389 2224 2647 2287 auctor
2681 2235 2716 2287 9

473 2339 807 2411 omnium
863 2363 948 2410 ac
988 2337 1410 2432 speculator
1448 2337 1805 2426 omnium,
1864 2361 1908 2406 a
1945 2360 2095 2429 quo
2131 2335 2427 2408 nullum
2480 2345 2648 2430 pot-

396 2491 446 2532 15
476 2467 587 2531 est
641 2482 798 2531 esse
853 2467 1245 2548 secretum,
1319 2457 1649 2530 tenebris
1702 2459 2031 2546 interest,
2100 2457 2411 2529 interest
2447 2457 2651 2552 cogi-

475 2579 882 2652 tationibus
935 2579 1206 2651 nostris
1262 2579 1474 2671 quasi
1540 2577 1791 2650 alteris
1844 2577 2203 2650 tenebris!
2278 2601 2432 2650 non
2486 2585 2653 2649 tan-

474 2708 635 2772 tum
698 2701 836 2771 sub
904 2698 1038 2772 illo
1113 2701 1422 2794 agimus),
1507 2702 1638 2771 sed
1709 2723 1881 2771 cum
1950 2698 2108 2788 illo,
2192 2707 2277 2771 ut
2349 2699 2650 2793 proprie

479 2821 818 2910 dixerim,
875 2820 1223 2892 uiuimus.
1317 2844 1459 2891 nec
1513 2821 1729 2892 nobis
1787 2821 1877 2891 de
1933 2827 2187 2891 nostra
2226 2816 2651 2912 frequentia
2667 2823 2755 2890 33

479 2940 938 3013 blandimur:
987 2939 1208 3012 multi
1244 2941 1459 3012 nobis
1496 2941 1863 3031 uidemur,
1906 2941 2035 3012 sed
2074 2941 2214 3011 deo
2252 2941 2654 3011 admodum

400 3093 453 3134 20
481 3061 705 3154 pauci
741 3085 1014 3134 sumuS.
1089 3085 1224 3132 nos
1263 3069 1522 3156 gentes
1558 3061 2050 3152 nationesque
2090 3059 2649 3155 distinguimus:

483 3183 622 3253 deo
677 3205 828 3252 una
882 3183 1143 3252 domus
1201 3189 1312 3253 est
1373 3181 1695 3252 mundus
1749 3180 1874 3250 hic
1929 3189 2151 3252 totus.
2242 3203 2455 3274 reges
2511 3189 2657 3251 sta-

482 3312 642 3374 tum
706 3303 921 3397 regni
984 3303 1100 3374 sui
1162 3327 1298 3397 per
1367 3298 1614 3373 officia
1679 3300 2186 3372 ministrorum
2251 3309 2651 3371 noverunt:

485 3424 626 3495 deo
688 3423 984 3495 indiciis
1057 3447 1245 3516 opus
1317 3446 1469 3494 non
1540 3431 1681 3494 est:
1746 3444 1898 3492 non
1965 3419 2208 3491 solum
2267 3421 2350 3491 in
2424 3418 2657 3492 oculis

487 3545 666 3634 eiuS‚
735 3546 866 3616 sed
935 3545 1015 3614 in
1080 3545 1250 3616 sinu
1320 3543 1647 3615 uiuimus
1715 3541 2073 3614 uniuersi.
2168 3542 2297 3612 sed
2359 3541 2660 3613 Iudaeis
2698 3559 2729 3611 2

405 3695 459 3738 25
486 3663 682 3736 nihil
733 3661 1041 3759 profuit,
1101 3664 1302 3756 quod
1355 3688 1591 3735 unum
1647 3673 1722 3735 et
1774 3662 1919 3756 ipsi
1957 3664 2182 3733 deum
2234 3661 2379 3733 aris
2434 3671 2659 3753 atque

641 3853 680 3910 8
725 3853 1049 3929 incognita,
1099 3853 1210 3910 deo
1241 3869 1378 3910 nos:
1423 3854 1534 3910 deo
1568 3852 1809 3929 cognita
1836 3855 1885 3909 P
1928 3848 1954 3930 11
1997 3850 2079 3910 10
2124 3853 2315 3909 solem
2355 3847 2658 3908 Gelenius:

489 3941 617 3999 sole
647 3943 696 3997 P
741 3935 766 4018 ΙΙ
815 3940 894 3997 13
942 3942 1003 3998 ei
1031 3940 1079 3997 P
1120 3937 1145 4016 ΙΙ
1192 3940 1269 3997 17
1305 3941 1409 3997 sed
1439 3956 1495 3997 r:
1530 3940 1634 3997 sed
1666 3947 1727 3997 et
1756 3941 1803 3996 P
1837 3937 1860 4016 ΙΙ
1891 3940 2135 4014 proprie
2166 3953 2303 3996 nos:
2336 3956 2523 4013 prope
2553 3939 2602 3994 P
2646 3931 2665 4018 ΙΙ

493 4026 573 4084 19
617 4025 960 4084 blandimur
1003 4025 1435 4084 Baehrensius:
1481 4026 1859 4083 blandiamur
1904 4027 1951 4082 P
1993 4019 2018 4102 ΙΙ
2066 4025 2142 4082 21
2200 4031 2421 4082 statum
2464 4021 2665 4080 Meur-

487 4112 644 4171 sius:
693 4113 817 4172 tam
849 4114 898 4170 P
939 4109 964 4190 ΙΙ
1006 4113 1086 4170 22
1132 4113 1414 4170 uniuersa
1457 4120 1756 4170 nouerunt
1798 4114 1866 4188 P,
1922 4128 2035 4169 ‘nos
2076 4111 2359 4168 uniuersa
2402 4126 2551 4166 corr.
2596 4108 2667 4167 in

489 4199 762 4258 uniuersi
806 4204 948 4274 post
1001 4199 1268 4257 uiuimus
1317 4197 1642 4274 pos-afflue
1690 4197 1768 4273 (u.
1804 4193 1905 4274 24)
1958 4196 1984 4274 ΙΙ
2038 4196 2118 4254 23
2173 4216 2297 4254 non
2348 4196 2413 4253 in
2467 4197 2666 4254 solum

493 4287 685 4344 oculis
718 4287 778 4343 εἴ
807 4286 914 4342 sed
942 4285 1007 4342 in
1037 4286 1101 4343 in
1149 4283 1231 4364 (in
1262 4280 1521 4364 erasum)
1554 4285 1692 4342 sinu
1722 4286 1769 4341 P
1817 4279 1841 4362 Η
1884 4283 1966 4341 24
2010 4284 2280 4342 uniuersi
2323 4281 2395 4357 cf.
2429 4300 2490 4341 u.
2530 4283 2607 4340 22
2648 4275 2668 4363 ΙΙ
